<?xml version="1.0" encoding="UTF-8"?>
<collection xmlns="http://www.loc.gov/MARC21/slim">
  <record>
    <leader>01858ctm a2200337 4500</leader>
    <controlfield tag="001">a4650890</controlfield>
    <controlfield tag="003">SpMaBN</controlfield>
    <controlfield tag="005">20181113004143.3</controlfield>
    <controlfield tag="008">091215s1620 sp 000 0 spa/ </controlfield>
    <datafield tag="035">
      <subfield code="a">(OCoLC)740339584</subfield>
    </datafield>
    <datafield tag="040">
      <subfield code="a">SpMaBN</subfield>
      <subfield code="b">spa</subfield>
      <subfield code="c">SpMaBN</subfield>
      <subfield code="e">rdc</subfield>
    </datafield>
    <datafield tag="100" ind1="1">
      <subfield code="a">Vega, Lope de</subfield>
      <subfield code="d">1562-1635</subfield>
    </datafield>
    <datafield tag="240" ind1="1" ind2="4">
      <subfield code="a">Los acreedores del hombre</subfield>
    </datafield>
    <datafield tag="245" ind1="1" ind2="4">
      <subfield code="a">Los acreedores</subfield>
      <subfield code="h">[Manuscrito] :</subfield>
      <subfield code="b">auto sacramental. Emp.: Terribles estáis los dos (h. 1)... Fin.: te dará la gloria eterna (h. 13)</subfield>
      <subfield code="c">de Lope de Vega</subfield>
    </datafield>
    <datafield tag="260">
      <subfield code="a">1620</subfield>
    </datafield>
    <datafield tag="300">
      <subfield code="a">I, 13 h.</subfield>
      <subfield code="c">22 x 16 cm.</subfield>
    </datafield>
    <datafield tag="500">
      <subfield code="a">Texto con correcciones</subfield>
    </datafield>
    <datafield tag="500">
      <subfield code="a">Sello de Agustín Durán</subfield>
    </datafield>
    <datafield tag="510" ind1="4">
      <subfield code="a">Paz, Teatro (2ª ed.)</subfield>
      <subfield code="c">n. 43</subfield>
    </datafield>
    <datafield tag="510" ind1="4">
      <subfield code="a">Urzáiz Tortajada, Héctor, Catálogo de autores teatrales del siglo XVII, Madrid, 2002</subfield>
      <subfield code="c">vol. II, p. 684</subfield>
    </datafield>
    <datafield tag="510" ind1="4">
      <subfield code="a">Inventario de la Librería que fue del Excmo. Sr. D. Agustín Durán, comprada por el Gobierno de S.M. con destino a la Biblioteca Nacional, en virtud de Real Orden fecha en 27 de junio de 1863, en Memoria remitida al Excmo. Sr. Ministro de Fomento..., por el Director de la Biblioteca Nacional, Madrid, 1865</subfield>
      <subfield code="c">p. 95</subfield>
    </datafield>
    <datafield tag="510" ind1="4">
      <subfield code="a">Paz, Julián, Catálogo de autos sacramentales, historiales y alegóricos por D. Jenaro Alenda, BRAE</subfield>
      <subfield code="c">III (1916), p. 232</subfield>
    </datafield>
    <datafield tag="510" ind1="4">
      <subfield code="a">Pérez y Pérez, María Cruz, Bibliografía del teatro de Lope de Vega, Madrid, 1973</subfield>
      <subfield code="c">n. 1</subfield>
    </datafield>
    <datafield tag="529" ind1="0" ind2="0">
      <subfield code="a">Terribles estáis los dos (h. 1)... te dará la gloria eterna (h. 13)</subfield>
    </datafield>
    <datafield tag="561">
      <subfield code="a">Agustín Durán</subfield>
    </datafield>
    <datafield tag="593">
      <subfield code="a">No confundir con la obra homónima de Rojas Zorrilla</subfield>
    </datafield>
    <datafield tag="596">
      <subfield code="a">Al final: En Madrid, a 20 de mayo de 1620</subfield>
    </datafield>
    <datafield tag="655" ind1="7" ind2="7">
      <subfield code="a">Teatro</subfield>
      <subfield code="2">tgfbne</subfield>
    </datafield>
    <datafield tag="655" ind2="7">
      <subfield code="a">Teatro</subfield>
      <subfield code="z">España</subfield>
      <subfield code="y">S.XVI-XVII</subfield>
    </datafield>
    <datafield tag="856" ind1="4" ind2="1">
      <subfield code="u">http://bdh-rd.bne.es/viewer.vm?id=0000224593&amp;page=1</subfield>
      <subfield code="y">Biblioteca Digital Hispánica</subfield>
    </datafield>
    <datafield tag="856" ind1="4" ind2="1">
      <subfield code="u">http://manos.net/manuscripts/bne/15-372-acreedores-los</subfield>
      <subfield code="y">Manos teatrales</subfield>
    </datafield>
  </record>