
  <record>
    <leader>01444ctm a2200301 i 4500</leader>
    <controlfield tag="001">a4768124</controlfield>
    <controlfield tag="003">SpMaBN</controlfield>
    <controlfield tag="005">20180719000000.5</controlfield>
    <controlfield tag="008">100609q16501700sp 000 0 spa/ </controlfield>
    <datafield tag="035">
      <subfield code="a">(OCoLC)740347684</subfield>
    </datafield>
    <datafield tag="040">
      <subfield code="a">SpMaBN</subfield>
      <subfield code="b">spa</subfield>
      <subfield code="c">SpMaBN</subfield>
      <subfield code="e">rdc</subfield>
    </datafield>
    <datafield tag="100" ind1="1">
      <subfield code="a">Vega, Lope de</subfield>
      <subfield code="d">1562-1635</subfield>
    </datafield>
    <datafield tag="240" ind1="1" ind2="3">
      <subfield code="a">La adúltera perdonada</subfield>
    </datafield>
    <datafield tag="245" ind1="1" ind2="3">
      <subfield code="a">La adúltera perdonada</subfield>
      <subfield code="h">[Manuscrito] :</subfield>
      <subfield code="b">auto sacramental. Emp.: Que vengas, alma te ruego (h. 1)... Fin.: la clemencia en la venganza (h. 19v)</subfield>
      <subfield code="c">de Lope de Vega Carpio</subfield>
    </datafield>
    <datafield tag="260">
      <subfield code="a">S.XVII</subfield>
    </datafield>
    <datafield tag="300">
      <subfield code="a">I, 19 h.</subfield>
      <subfield code="c">21 x 15 cm.</subfield>
    </datafield>
    <datafield tag="500">
      <subfield code="a">Texto con correcciones</subfield>
    </datafield>
    <datafield tag="500">
      <subfield code="a">Al final: Sacado de su original</subfield>
    </datafield>
    <datafield tag="510" ind1="4">
      <subfield code="a">Paz, Teatro (2ª ed.)</subfield>
      <subfield code="c">n. 52</subfield>
    </datafield>
    <datafield tag="510" ind1="4">
      <subfield code="a">Rocamora, Osuna</subfield>
      <subfield code="c">n. 217</subfield>
    </datafield>
    <datafield tag="510" ind1="4">
      <subfield code="a">Pérez y Pérez, María Cruz, Bibliografía del teatro de Lope de Vega, Madrid, 1973</subfield>
      <subfield code="c">n. 2</subfield>
    </datafield>
    <datafield tag="510" ind1="4">
      <subfield code="a">Urzáiz Tortajada, Héctor, Catálogo de autores teatrales del siglo XVII, Madrid, 2002</subfield>
      <subfield code="c">vol. II, p. 685</subfield>
    </datafield>
    <datafield tag="510" ind1="4">
      <subfield code="a">Paz, Julián, Catálogo de autos sacramentales, historiales y alegóricos por D. Jenaro Alenda, BRAE</subfield>
      <subfield code="c">III (1916), p. 235-238</subfield>
    </datafield>
    <datafield tag="529" ind1="0" ind2="0">
      <subfield code="a">Que vengas, alma te ruego (h. 1)... la clemencia en la venganza (h. 19v)</subfield>
    </datafield>
    <datafield tag="561">
      <subfield code="a">Duque de Osuna e Infantado</subfield>
    </datafield>
    <datafield tag="655" ind1="7" ind2="7">
      <subfield code="a">Teatro</subfield>
      <subfield code="2">tgfbne</subfield>
    </datafield>
    <datafield tag="856" ind1="4" ind2="1">
      <subfield code="u">http://bdh-rd.bne.es/viewer.vm?id=0000239620&amp;page=1</subfield>
      <subfield code="y">Biblioteca Digital Hispánica</subfield>
    </datafield>
    <datafield tag="856" ind1="4" ind2="1">
      <subfield code="u">http://manos.net/manuscripts/bne/17-262-adultera-la-perdonada</subfield>
      <subfield code="y">Manos teatrales</subfield>
    </datafield>
  </record>