
  <record>
    <leader>01422ctm a2200289 4500</leader>
    <controlfield tag="001">a4749547</controlfield>
    <controlfield tag="003">SpMaBN</controlfield>
    <controlfield tag="005">20181113004145.3</controlfield>
    <controlfield tag="008">100512s1623 sp 000 0 spa/ </controlfield>
    <datafield tag="035">
      <subfield code="a">(OCoLC)740346448</subfield>
    </datafield>
    <datafield tag="040">
      <subfield code="a">SpMaBN</subfield>
      <subfield code="b">spa</subfield>
      <subfield code="c">SpMaBN</subfield>
      <subfield code="e">rdc</subfield>
    </datafield>
    <datafield tag="100" ind1="1">
      <subfield code="a">Vega, Lope de</subfield>
      <subfield code="d">1562-1635</subfield>
    </datafield>
    <datafield tag="245" ind1="1" ind2="3">
      <subfield code="a">La Aldehuela</subfield>
      <subfield code="h">[Manuscrito] :</subfield>
      <subfield code="b">comedia en tres jornadas. Emp.: Aún cerrado está el molino (h. 2)... Fin.: de tal padre rama invicta (h. 71)</subfield>
      <subfield code="c">[Lope de Vega]</subfield>
    </datafield>
    <datafield tag="260">
      <subfield code="a">1623</subfield>
    </datafield>
    <datafield tag="300">
      <subfield code="a">I, 71 h.</subfield>
      <subfield code="c">23 x 17 cm.</subfield>
    </datafield>
    <datafield tag="510" ind1="4">
      <subfield code="a">Paz, Teatro (2ª ed.)</subfield>
      <subfield code="c">n. 97</subfield>
    </datafield>
    <datafield tag="510" ind1="4">
      <subfield code="a">Pérez y Pérez, María Cruz, Bibliografía del teatro de Lope de Vega, Madrid, 1973</subfield>
      <subfield code="c">n. 5</subfield>
    </datafield>
    <datafield tag="510" ind1="4">
      <subfield code="a">Morley-Bruerton, Cronología de las comedias de Lope de Vega</subfield>
      <subfield code="c">p. 412</subfield>
    </datafield>
    <datafield tag="510" ind1="4">
      <subfield code="a">Urzáiz Tortajada, Héctor, Catálogo de autores teatrales del siglo XVII, Madrid, 2002</subfield>
      <subfield code="c">vol. II, p. 651</subfield>
    </datafield>
    <datafield tag="529" ind1="0" ind2="0">
      <subfield code="a">Aún cerrado está el molino (h. 2)... de tal padre rama invicta (h. 71)</subfield>
    </datafield>
    <datafield tag="581">
      <subfield code="a">Ed. de Serrano Deza, Ricardo, La Aldehuela y el gran Prior de Castilla, Ávila, 2007</subfield>
    </datafield>
    <datafield tag="596">
      <subfield code="a">Copia de Martín Navarro en Toledo, el 6 de mayo de 1623</subfield>
    </datafield>
    <datafield tag="597">
      <subfield code="a">En blanco las h. 23v-24 y 48v</subfield>
    </datafield>
    <datafield tag="655" ind1="7" ind2="7">
      <subfield code="a">Teatro</subfield>
      <subfield code="2">tgfbne</subfield>
    </datafield>
    <datafield tag="655" ind2="7">
      <subfield code="a">Teatro</subfield>
      <subfield code="z">España</subfield>
      <subfield code="y">S.XVI-XVII</subfield>
    </datafield>
    <datafield tag="856" ind1="4" ind2="1">
      <subfield code="u">http://bdh-rd.bne.es/viewer.vm?id=0000216850&amp;page=1</subfield>
      <subfield code="y">Biblioteca Digital Hispánica</subfield>
    </datafield>
    <datafield tag="856" ind1="4" ind2="1">
      <subfield code="u">http://manos.net/manuscripts/bne/16-910-aldeguela-la</subfield>
      <subfield code="y">Manos teatrales</subfield>
    </datafield>
  </record>