
  <record>
    <leader>00880ctm a2200229 4500</leader>
    <controlfield tag="001">a4369291</controlfield>
    <controlfield tag="003">SpMaBN</controlfield>
    <controlfield tag="005">20160907150006.4</controlfield>
    <controlfield tag="008">081104q1861 sp 000 0 spa/ </controlfield>
    <datafield tag="035">
      <subfield code="a">(OCoLC)430946358</subfield>
    </datafield>
    <datafield tag="040">
      <subfield code="a">SpMaBN</subfield>
      <subfield code="b">spa</subfield>
      <subfield code="c">SpMaBN</subfield>
      <subfield code="e">rdc</subfield>
    </datafield>
    <datafield tag="100" ind1="1">
      <subfield code="a">Vega, Lope de</subfield>
      <subfield code="d">1562-1635</subfield>
    </datafield>
    <datafield tag="245" ind1="1" ind2="0">
      <subfield code="a">Amar sin saber a quién</subfield>
      <subfield code="h">[Manuscrito]</subfield>
      <subfield code="b">: comedia en [tres] actos y [en verso]. Emp.: Ya estamos en el castillo (h. 3)… Fin.: en qué escuela los pondremos (h. 108)</subfield>
      <subfield code="c">[Lope de Vega]</subfield>
    </datafield>
    <datafield tag="260">
      <subfield code="a">[ca. 1861]</subfield>
    </datafield>
    <datafield tag="300">
      <subfield code="a">108 h.</subfield>
      <subfield code="c">23 x 17 cm.</subfield>
    </datafield>
    <datafield tag="510" ind1="4">
      <subfield code="a">Paz, Teatro (2ª ed.)</subfield>
      <subfield code="c">n. 4716</subfield>
    </datafield>
    <datafield tag="529" ind1="0" ind2="0">
      <subfield code="a">Ya estamos en el castillo (h. 3)… en qué escuela los pondremos (h. 108)</subfield>
    </datafield>
    <datafield tag="594">
      <subfield code="a">Autor tomado de la ed. de Madrid, 1635</subfield>
    </datafield>
    <datafield tag="596">
      <subfield code="a">En h. 74: Obras dramáticas, noviembre de 1861</subfield>
    </datafield>
    <datafield tag="596">
      <subfield code="a">Aprobada</subfield>
    </datafield>
    <datafield tag="597">
      <subfield code="a">En blanco las h.37-38 y 73</subfield>
    </datafield>
    <datafield tag="655" ind1="7" ind2="7">
      <subfield code="a">Teatro</subfield>
      <subfield code="2">tgfbne</subfield>
    </datafield>
  </record>