
  <record>
    <leader>01115ctm a2200265 4500</leader>
    <controlfield tag="001">a4636663</controlfield>
    <controlfield tag="003">SpMaBN</controlfield>
    <controlfield tag="005">20181113004142.3</controlfield>
    <controlfield tag="008">091123q18011900sp 000 d spa/ </controlfield>
    <datafield tag="035">
      <subfield code="a">(OCoLC)740338344</subfield>
    </datafield>
    <datafield tag="040">
      <subfield code="a">SpMaBN</subfield>
      <subfield code="b">spa</subfield>
      <subfield code="c">SpMaBN</subfield>
      <subfield code="e">rdc</subfield>
    </datafield>
    <datafield tag="100" ind1="1">
      <subfield code="a">Vega, Lope de</subfield>
      <subfield code="d">1562-1635</subfield>
    </datafield>
    <datafield tag="240" ind1="1" ind2="3">
      <subfield code="a">La amistad y obligación</subfield>
    </datafield>
    <datafield tag="245" ind1="1" ind2="0">
      <subfield code="a">Amistad y obligación</subfield>
      <subfield code="h">[Manuscrito] :</subfield>
      <subfield code="b">comedia. Emp.: ¿Qué decís? (h. 2) ... Fin.: si perdonáis nuestras faltas (h. 63)</subfield>
      <subfield code="c">original de Lope de Vega</subfield>
    </datafield>
    <datafield tag="260">
      <subfield code="a">S. XIX</subfield>
    </datafield>
    <datafield tag="300">
      <subfield code="a">67 h.</subfield>
      <subfield code="c">23 x 17 cm.</subfield>
    </datafield>
    <datafield tag="500">
      <subfield code="a">Texto con correcciones</subfield>
    </datafield>
    <datafield tag="505" ind1="8">
      <subfield code="a">Estudio sobre la obra hecho por José Amador de los Ríos (h. 64-67)</subfield>
    </datafield>
    <datafield tag="510" ind1="4">
      <subfield code="a">Paz, Teatro (2ª ed.), n. 148</subfield>
    </datafield>
    <datafield tag="510" ind1="4">
      <subfield code="a">Prfeti, Mª Grazia. Per una bibliografia di J. Pérez de Montalbán. Verona, 1976, p. 574</subfield>
    </datafield>
    <datafield tag="529" ind1="0" ind2="0">
      <subfield code="a">¿Qué decís? (h. 2) ... si perdonáis nuestras faltas (h. 63)</subfield>
    </datafield>
    <datafield tag="597">
      <subfield code="a">En blanco las h. 22v, 23v, 43, 44v y 63v</subfield>
    </datafield>
    <datafield tag="655" ind2="7">
      <subfield code="a">Teatro</subfield>
      <subfield code="2">tgfbne</subfield>
    </datafield>
    <datafield tag="655" ind2="7">
      <subfield code="a">Teatro</subfield>
      <subfield code="z">España</subfield>
      <subfield code="y">S.XVI-XVII</subfield>
    </datafield>
    <datafield tag="856" ind1="4" ind2="1">
      <subfield code="u">http://bdh-rd.bne.es/viewer.vm?id=0000215959&amp;page=1</subfield>
      <subfield code="y">Biblioteca Digital Hispánica</subfield>
    </datafield>
  </record>