
  <record>
    <leader>01080ntm a2200253 4500</leader>
    <controlfield tag="001">Miam0000010177</controlfield>
    <controlfield tag="003">SpMaBN</controlfield>
    <controlfield tag="005">20181117133547.7</controlfield>
    <controlfield tag="008">060403s1626 </controlfield>
    <datafield tag="016" ind1="7">
      <subfield code="a">biamBNE20060004082</subfield>
      <subfield code="2">SpMaBN</subfield>
    </datafield>
    <datafield tag="035">
      <subfield code="a">(OCoLC)430986556</subfield>
    </datafield>
    <datafield tag="040">
      <subfield code="a">SpMaBN</subfield>
      <subfield code="b">spa</subfield>
      <subfield code="c">SpMaBN</subfield>
      <subfield code="e">rdc</subfield>
    </datafield>
    <datafield tag="100" ind1="1">
      <subfield code="a">Vega, Lope de</subfield>
      <subfield code="d">1562-1635</subfield>
      <subfield code="0">http://datos.bne.es/resource/XX1719671</subfield>
    </datafield>
    <datafield tag="240" ind1="1" ind2="0">
      <subfield code="a">Amor con vista</subfield>
    </datafield>
    <datafield tag="245" ind1="1" ind2="0">
      <subfield code="a">Amor con vista</subfield>
      <subfield code="h">[Manuscrito]</subfield>
      <subfield code="b"> : comedia. Emp.: Escribióme que partía (h. 4)... Fin.: pues amor con vista acaba (h. 59)</subfield>
    </datafield>
    <datafield tag="260">
      <subfield code="c">1626</subfield>
    </datafield>
    <datafield tag="300">
      <subfield code="a">60 h.</subfield>
      <subfield code="c">21 x 15 cm.</subfield>
    </datafield>
    <datafield tag="500">
      <subfield code="a">Autógrafo con correcciones y firma</subfield>
    </datafield>
    <datafield tag="500">
      <subfield code="a">V.a. Mss/15114 y Mss/16789</subfield>
    </datafield>
    <datafield tag="596">
      <subfield code="a">Al final: En Madrid a 10 de diciembre de 1626. Licencias de representación en Madrid y Zaragoza, 1627; y en Lisboa, 1630</subfield>
    </datafield>
    <datafield tag="655" ind2="7">
      <subfield code="a">Teatro</subfield>
      <subfield code="2">tgfbne</subfield>
    </datafield>
    <datafield tag="655" ind2="7">
      <subfield code="a">Teatro</subfield>
      <subfield code="z">España</subfield>
      <subfield code="y">S.XVI-XVII</subfield>
      <subfield code="2">tgfbne</subfield>
    </datafield>
    <datafield tag="856" ind1="4" ind2="1">
      <subfield code="u">http://bdh-rd.bne.es/viewer.vm?id=0000100641&amp;page=1</subfield>
      <subfield code="y">Biblioteca Digital Hispánica</subfield>
    </datafield>
    <datafield tag="856" ind1="4" ind2="1">
      <subfield code="u">http://manos.net/manuscripts/bne/res-85-amor-con-vista</subfield>
      <subfield code="y">Manos teatrales</subfield>
    </datafield>
  </record>