
  <record>
    <leader>01972ctm a2200337 4500</leader>
    <controlfield tag="001">a4632961</controlfield>
    <controlfield tag="003">SpMaBN</controlfield>
    <controlfield tag="005">20181113004142.3</controlfield>
    <controlfield tag="008">091116q18011900sp 000 0 spa/ </controlfield>
    <datafield tag="035">
      <subfield code="a">(OCoLC)740338132</subfield>
    </datafield>
    <datafield tag="040">
      <subfield code="a">SpMaBN</subfield>
      <subfield code="b">spa</subfield>
      <subfield code="c">SpMaBN</subfield>
      <subfield code="e">rdc</subfield>
    </datafield>
    <datafield tag="100" ind1="1">
      <subfield code="a">Vega, Lope de</subfield>
      <subfield code="d">1562-1635</subfield>
    </datafield>
    <datafield tag="240" ind1="0" ind2="0">
      <subfield code="a">Arminda celosa</subfield>
    </datafield>
    <datafield tag="245" ind1="1" ind2="0">
      <subfield code="a">Arminda celosa</subfield>
      <subfield code="h">[Manuscrito] :</subfield>
      <subfield code="b">comedia famosa. Emp.: Ya, señora, estamos solas (h. 2)... Fin.: pues la sortija comienza (h. 42v)</subfield>
      <subfield code="c">compuesta por el caballero Lisardo</subfield>
    </datafield>
    <datafield tag="260">
      <subfield code="a">S.XIX</subfield>
    </datafield>
    <datafield tag="300">
      <subfield code="a">42 h.</subfield>
      <subfield code="c">22 x 14 cm.</subfield>
    </datafield>
    <datafield tag="500">
      <subfield code="a">Sello de Agustín Durán</subfield>
    </datafield>
    <datafield tag="510" ind1="4">
      <subfield code="a">Paz, Teatro (2ª ed.)</subfield>
      <subfield code="c">n. 164</subfield>
    </datafield>
    <datafield tag="510" ind1="4">
      <subfield code="a">Valladares Reguero, Aurelio, Bibliografía de Antonio Mira de Amescua, Madrid, 2004</subfield>
      <subfield code="c">p. 165</subfield>
    </datafield>
    <datafield tag="510" ind1="4">
      <subfield code="a">Barrera y Leirado, Cayetano de la, Nueva biografía de Lope de Vega, Madrid, Biblioteca de Autores Españoles, 262</subfield>
      <subfield code="c">p. 260</subfield>
    </datafield>
    <datafield tag="510" ind1="4">
      <subfield code="a">Inventario de la Librería que fue del Excmo. Sr. D. Agustín Durán, comprada por el Gobierno de S.M. con destino a la Biblioteca Nacional, en virtud de Real Orden fecha en 27 de junio de 1863, en Memoria remitida al Excmo. Sr. Ministro de Fomento..., por el Director de la Biblioteca Nacional, Madrid, 1865</subfield>
      <subfield code="c">p. 111</subfield>
    </datafield>
    <datafield tag="510" ind1="4">
      <subfield code="a">Pérez y Pérez, María Cruz, Bibliografía del teatro de Lope de Vega, Madrid, 1973</subfield>
      <subfield code="c">n. 29</subfield>
    </datafield>
    <datafield tag="510" ind1="4">
      <subfield code="a">Morley, S. Griswold, Bruerton, Courtney, Cronología de las comedias de Lope de Vega, Madrid, 1968</subfield>
      <subfield code="c">p. 422-423</subfield>
    </datafield>
    <datafield tag="529" ind1="0" ind2="0">
      <subfield code="a">Ya, señora, estamos solas (h. 2)... pues la sortija comienza (h. 42v)</subfield>
    </datafield>
    <datafield tag="561">
      <subfield code="a">Agustín Durán</subfield>
    </datafield>
    <datafield tag="594">
      <subfield code="a">Según algunos autores la autoría es dudosa entre Lope de Vega y Antonio Mira de Amescua</subfield>
    </datafield>
    <datafield tag="597">
      <subfield code="a">En blanco las h. 14-16, 31 y 32v</subfield>
    </datafield>
    <datafield tag="655" ind1="7" ind2="7">
      <subfield code="a">Teatro</subfield>
      <subfield code="2">tgfbne</subfield>
    </datafield>
    <datafield tag="655" ind2="7">
      <subfield code="a">Teatro</subfield>
      <subfield code="z">España</subfield>
      <subfield code="y">S.XVI-XVII</subfield>
    </datafield>
    <datafield tag="856" ind1="4" ind2="1">
      <subfield code="u">http://bdh-rd.bne.es/viewer.vm?id=0000223476&amp;page=1</subfield>
      <subfield code="y">Biblioteca Digital Hispánica</subfield>
    </datafield>
    <datafield tag="856" ind1="4" ind2="1">
      <subfield code="u">http://manos.net/manuscripts/bne/15-113-arminda-celosa</subfield>
      <subfield code="y">Manos teatrales</subfield>
    </datafield>
  </record>