
  <record>
    <leader>05923ctm a2200697 4500</leader>
    <controlfield tag="001">a4712780</controlfield>
    <controlfield tag="003">SpMaBN</controlfield>
    <controlfield tag="005">20181113004145.3</controlfield>
    <controlfield tag="008">100324q17011800sp 000 0 spa/ </controlfield>
    <datafield tag="035">
      <subfield code="a">(OCoLC)740344071</subfield>
    </datafield>
    <datafield tag="040">
      <subfield code="a">SpMaBN</subfield>
      <subfield code="b">spa</subfield>
      <subfield code="c">SpMaBN</subfield>
      <subfield code="e">rdc</subfield>
    </datafield>
    <datafield tag="100" ind1="1">
      <subfield code="a">Calderón de la Barca, Pedro</subfield>
      <subfield code="d">1600-1681</subfield>
    </datafield>
    <datafield tag="245" ind1="1" ind2="0">
      <subfield code="a">Autos sacramentales.</subfield>
      <subfield code="p">Tomo cuarto</subfield>
      <subfield code="c">de Pedro Calderón de la Barca.</subfield>
    </datafield>
    <datafield tag="260">
      <subfield code="a">[S. XVIII]</subfield>
    </datafield>
    <datafield tag="300">
      <subfield code="a">378 h.</subfield>
      <subfield code="c">22 x 16 cm</subfield>
    </datafield>
    <datafield tag="336">
      <subfield code="a">Texto (visual)</subfield>
    </datafield>
    <datafield tag="337">
      <subfield code="a">sin mediación</subfield>
    </datafield>
    <datafield tag="500">
      <subfield code="a">En h. 224: Año de 1700</subfield>
    </datafield>
    <datafield tag="505" ind1="0">
      <subfield code="a">Índice (h. 1). El Divino Jasón. Emp.: Argos, oye (h. 3)... Fin.: ese cordero legal (h. 26v). La primer flor del Carmelo. Emp.: ¿Dónde me llevas Luzbel? (h. 27)... Fin.: y el segundo David veían (h. 57v). Los misterios de la Misa. Emp.: Todo el año voy a Misa (h. 59)... Fin.: ya perdonado el error (h. 82v). El nuevo palacio del Buenretiro. Emp.: ¿Dónde voy con errante paso? (h. 83)... Fin.: Por ser tan criado vuestro (h. 111v). La piel de Gedeón. Emp.: Muera esta infame canalla (h. 113)... Fin.: La soledad y la pena de ayer (h. 150v). El día mayor de los días. Emp.: Aunque del Señor son todos (h. 151)... Fin.: Pan de ángeles es (h. 194). El segundo David. Emp.: Cuando pastor soberano (h. 195)... Fin.: Venció al gig ante (h. 224). Siquis y Cupido. Emp.: Ha de la celeste curia (h. 225)... Fin.: Ley de gracia da a su Iglesia (h. 259). La escuela divina. Emp.: Hola, hola, voto a San (h. 260)... Fin.: fin hoy da, a la escuela divina (h. 286v). La Cruz donde murió Crist o. Emp.: Tarde y en vano lloras (h. 287v)... Fin.: la cruz donde murió Cristo (h.342v). El pintor de su deshonra. Emp.: Si dijo Jeremías (h. 343)... Fin.: en nombre del que hizo el auto (h. 378).</subfield>
    </datafield>
    <datafield tag="510" ind1="4">
      <subfield code="a">Paz, Teatro (2ª ed.)</subfield>
      <subfield code="c">n. 1070, 2965, 2395, 2642, 1017, 3340, 1307, 832, 2864</subfield>
    </datafield>
    <datafield tag="510" ind1="4">
      <subfield code="a">Paz, Julián, Catálogo de autos sacramentales, historiales y alegóricos por D. Jenaro Alenda, BRAE</subfield>
      <subfield code="c">III (1916), p. 678, IV (1917), p. 358, 369 y 506, VI (1919), p. 445, VII (1920), p. 511 y 674, IX (1922), p. 489</subfield>
    </datafield>
    <datafield tag="529" ind1="0" ind2="0">
      <subfield code="a">Argos, oye (h. 3)... ese cordero legal (h. 26v)</subfield>
    </datafield>
    <datafield tag="529" ind1="0" ind2="0">
      <subfield code="a">¿Dónde me llevas Luzbel? (h. 27)... y el segundo David veían (h. 57v)</subfield>
    </datafield>
    <datafield tag="529" ind1="0" ind2="0">
      <subfield code="a">Todo el año voy a Misa (h. 59)... ya perdonado el error (h. 82v)</subfield>
    </datafield>
    <datafield tag="529" ind1="0" ind2="0">
      <subfield code="a">¿Dónde voy con errante paso? (h. 83)... Por ser tan criado vuestro (h. 111v)</subfield>
    </datafield>
    <datafield tag="529" ind1="0" ind2="0">
      <subfield code="a">Muera esta infame canalla (h. 113)... La soledad y la pena de ayer (h. 150v)</subfield>
    </datafield>
    <datafield tag="529" ind1="0" ind2="0">
      <subfield code="a">Aunque del Señor son todos (h. 151)... Pan de ángeles es (h. 194)</subfield>
    </datafield>
    <datafield tag="529" ind1="0" ind2="0">
      <subfield code="a">Cuando pastor soberano (h. 195)... Venció al gigante (h. 224)</subfield>
    </datafield>
    <datafield tag="529" ind1="0" ind2="0">
      <subfield code="a">Ha de la celeste curia (h. 225)... Ley de gracia da a su Iglesia (h. 259)</subfield>
    </datafield>
    <datafield tag="529" ind1="0" ind2="0">
      <subfield code="a">Hola, hola, voto a San (h. 260)... fin hoy da, a la escuela divina (h. 286v)</subfield>
    </datafield>
    <datafield tag="529" ind1="0" ind2="0">
      <subfield code="a">Tarde y en vano lloras (h. 287v)... la cruz donde murió Cristo (h. 342v)</subfield>
    </datafield>
    <datafield tag="529" ind1="0" ind2="0">
      <subfield code="a">Si dijo Jeremías (h. 343)... en nombre del que hizo el auto (h. 378)</subfield>
    </datafield>
    <datafield tag="594">
      <subfield code="a">Título en el tejuelo: Autos de Calderón; t. 4</subfield>
    </datafield>
    <datafield tag="596">
      <subfield code="a">En h. 224: Año de 1700</subfield>
    </datafield>
    <datafield tag="655" ind2="7">
      <subfield code="a">Manuscritos</subfield>
      <subfield code="2">tgfbne</subfield>
    </datafield>
    <datafield tag="655" ind2="7">
      <subfield code="a">Teatro</subfield>
      <subfield code="2">tgfbne</subfield>
    </datafield>
    <datafield tag="655" ind2="7">
      <subfield code="a">Teatro</subfield>
      <subfield code="z">España</subfield>
      <subfield code="y">S.XVI-XVII</subfield>
    </datafield>
    <datafield tag="700" ind1="1">
      <subfield code="a">Calderón de la Barca, Pedro</subfield>
      <subfield code="d">1600-1681</subfield>
      <subfield code="t">El divino Jasón</subfield>
    </datafield>
    <datafield tag="700" ind1="1">
      <subfield code="a">Calderón de la Barca, Pedro</subfield>
      <subfield code="d">1600-1681</subfield>
      <subfield code="t">La primer flor del Carmelo</subfield>
    </datafield>
    <datafield tag="700" ind1="1">
      <subfield code="a">Calderón de la Barca, Pedro</subfield>
      <subfield code="d">1600-1681</subfield>
      <subfield code="t">Los misterios de la misa</subfield>
    </datafield>
    <datafield tag="700" ind1="1">
      <subfield code="a">Calderón de la Barca, Pedro</subfield>
      <subfield code="d">1600-1681</subfield>
      <subfield code="t">El nuevo palacio del Retiro</subfield>
    </datafield>
    <datafield tag="700" ind1="1">
      <subfield code="a">Calderón de la Barca, Pedro</subfield>
      <subfield code="d">1600-1681</subfield>
      <subfield code="t">La piel de Gedeón</subfield>
    </datafield>
    <datafield tag="700" ind1="1">
      <subfield code="a">Calderón de la Barca, Pedro</subfield>
      <subfield code="d">1600-1681</subfield>
      <subfield code="t">El día mayor de los días</subfield>
    </datafield>
    <datafield tag="700" ind1="1">
      <subfield code="a">Vega, Lope de</subfield>
      <subfield code="d">1562-1635</subfield>
      <subfield code="t">Las hazañas del segundo David</subfield>
    </datafield>
    <datafield tag="700" ind1="1">
      <subfield code="a">Calderón de la Barca, Pedro</subfield>
      <subfield code="d">1600-1681</subfield>
      <subfield code="t">Psiquis y Cupido (Madrid) [auto]</subfield>
    </datafield>
    <datafield tag="700" ind1="1">
      <subfield code="a">Valdivielso, José de</subfield>
      <subfield code="d">1560?-1638</subfield>
      <subfield code="t">La escuela divina</subfield>
    </datafield>
    <datafield tag="700" ind1="1">
      <subfield code="a">Calderón de la Barca, Pedro</subfield>
      <subfield code="d">1600-1681</subfield>
      <subfield code="t">La cruz donde murió Cristo</subfield>
    </datafield>
    <datafield tag="700" ind1="1">
      <subfield code="a">Calderón de la Barca, Pedro</subfield>
      <subfield code="d">1600-1681</subfield>
      <subfield code="t">El pintor de su deshonra</subfield>
    </datafield>
    <datafield tag="856" ind1="4" ind2="1">
      <subfield code="u">http://bdh-rd.bne.es/viewer.vm?id=0000216663&amp;page=1</subfield>
      <subfield code="y">Biblioteca Digital Hispánica</subfield>
    </datafield>
    <datafield tag="856" ind1="4" ind2="1">
      <subfield code="u">http://manos.net/manuscripts/bne/16-279-autos-sacramentales-de-pedro-calderon-de-la-barca-iv-coleccion-manuscritos</subfield>
      <subfield code="y">Manos teatrales. Autos sacramentales de Pedro Calderón de la Barca, IV</subfield>
    </datafield>
    <datafield tag="856" ind1="4" ind2="1">
      <subfield code="u">http://manos.net/manuscripts/bne/16-279-divino-el-jason-auto-sacramental</subfield>
      <subfield code="y">Manos teatrales. El Divino Jasón</subfield>
    </datafield>
    <datafield tag="856" ind1="4" ind2="1">
      <subfield code="u">http://manos.net/manuscripts/bne/16-279-primer-la-flor-del-carmelo-auto-sacramental</subfield>
      <subfield code="y">Manos teatrales. La primer flor del Carmelo</subfield>
    </datafield>
    <datafield tag="856" ind1="4" ind2="1">
      <subfield code="u">http://manos.net/manuscripts/bne/16-279-misterios-los-de-la-misa-auto-sacramental</subfield>
      <subfield code="y">Manos teatrales. Los misterios de la misa</subfield>
    </datafield>
    <datafield tag="856" ind1="4" ind2="1">
      <subfield code="u">http://manos.net/manuscripts/bne/16-279-nuevo-el-palacio-de-buen-retiro-auto-sacramental</subfield>
      <subfield code="y">Manos teatrales. El nuevo Palacio de buen Retiro</subfield>
    </datafield>
    <datafield tag="856" ind1="4" ind2="1">
      <subfield code="u">http://manos.net/manuscripts/bne/16-279-piel-la-de-gedeon-auto-sacramental</subfield>
      <subfield code="y">Manos teatrales. La piel de Gedeón</subfield>
    </datafield>
    <datafield tag="856" ind1="4" ind2="1">
      <subfield code="u">http://manos.net/manuscripts/bne/16-279-dia-el-mayor-de-los-dias-auto-sacramental</subfield>
      <subfield code="y">Manos teatrales. El día mayor de los días</subfield>
    </datafield>
    <datafield tag="856" ind1="4" ind2="1">
      <subfield code="u">http://manos.net/manuscripts/bne/16-279-segundo-el-david-auto-sacramental</subfield>
      <subfield code="y">Manos teatrales. El segundo David</subfield>
    </datafield>
    <datafield tag="856" ind1="4" ind2="1">
      <subfield code="u">http://manos.net/manuscripts/bne/16-279-psiquis-y-cupido-fiesta-en-madrid-auto-sacramental</subfield>
      <subfield code="y">Manos teatrales. Psiquis y Cupido, fiesta en Madrid</subfield>
    </datafield>
    <datafield tag="856" ind1="4" ind2="1">
      <subfield code="u">http://manos.net/manuscripts/bne/16-279-cruz-la-donde-murio-cristo-auto-sacramental</subfield>
      <subfield code="y">Manos teatrales. La Cruz donde murió Cristo</subfield>
    </datafield>
    <datafield tag="856" ind1="4" ind2="1">
      <subfield code="u">http://manos.net/manuscripts/bne/16-279-pintor-el-de-su-deshonra-auto-sacramental</subfield>
      <subfield code="y">Manos teatrales. El pintor de su deshonra</subfield>
    </datafield>
    <datafield tag="856" ind1="4" ind2="1">
      <subfield code="u">http://manos.net/manuscripts/bne/16-279-9-escuela-la-divina</subfield>
      <subfield code="y">Manos teatrales. La escuela divina</subfield>
    </datafield>
  </record>