
  <record>
    <leader>01263ctm a2200277 4500</leader>
    <controlfield tag="001">a4610181</controlfield>
    <controlfield tag="003">SpMaBN</controlfield>
    <controlfield tag="005">20181113004140.3</controlfield>
    <controlfield tag="008">091006q1862 sp 000 0 spa/ </controlfield>
    <datafield tag="035">
      <subfield code="a">(OCoLC)740336577</subfield>
    </datafield>
    <datafield tag="040">
      <subfield code="a">SpMaBN</subfield>
      <subfield code="b">spa</subfield>
      <subfield code="c">SpMaBN</subfield>
      <subfield code="e">rdc</subfield>
    </datafield>
    <datafield tag="100" ind1="1">
      <subfield code="a">Vega, Lope de</subfield>
      <subfield code="d">1562-1635</subfield>
    </datafield>
    <datafield tag="240" ind1="1" ind2="3">
      <subfield code="a">El bastardo Mudarra</subfield>
    </datafield>
    <datafield tag="245" ind1="1" ind2="3">
      <subfield code="a">El bastardo Mudarra</subfield>
      <subfield code="h">[Manuscrito] .</subfield>
      <subfield code="b">Emp.: Notable mi tiro ha sido (h. 1)... Fin.: del bastardo Mudarra y los de Lara (h. 58v)</subfield>
      <subfield code="c">por Lope de Vega Carpio</subfield>
    </datafield>
    <datafield tag="260">
      <subfield code="a">[ca. 1862]</subfield>
    </datafield>
    <datafield tag="300">
      <subfield code="a">58 h.</subfield>
      <subfield code="c">32 x 23 cm.</subfield>
    </datafield>
    <datafield tag="500">
      <subfield code="a">Texto con correcciones</subfield>
    </datafield>
    <datafield tag="500">
      <subfield code="a">Es copia del Res/39, autógrafo fechado en Madrid el 27 de abril de 1612</subfield>
    </datafield>
    <datafield tag="510" ind1="4">
      <subfield code="a">Paz, Teatro (2ª ed.)</subfield>
      <subfield code="c">n. 381</subfield>
    </datafield>
    <datafield tag="510" ind1="4">
      <subfield code="a">Pérez y Pérez, María Cruz, Bibliografía del teatro de Lope de Vega, Madrid, 1973, n. 35</subfield>
    </datafield>
    <datafield tag="510" ind1="4">
      <subfield code="a">Presotto, Marco, Le commedie autografe di Lope de Vega: catalogo e studio, Kassel, 2000, p. 96</subfield>
    </datafield>
    <datafield tag="529" ind1="0" ind2="0">
      <subfield code="a">Notable mi tiro ha sido (h. 1)... del bastardo Mudarra y los de Lara (h. 58v)</subfield>
    </datafield>
    <datafield tag="596">
      <subfield code="a">El tercer acto, escrito en papel sellado en el año 1862</subfield>
    </datafield>
    <datafield tag="655" ind1="7" ind2="7">
      <subfield code="a">Teatro</subfield>
      <subfield code="2">tgfbne</subfield>
    </datafield>
    <datafield tag="655" ind2="7">
      <subfield code="a">Teatro</subfield>
      <subfield code="z">España</subfield>
      <subfield code="y">S.XVI-XVII</subfield>
    </datafield>
    <datafield tag="856" ind1="4" ind2="1">
      <subfield code="u">http://bdh-rd.bne.es/viewer.vm?id=0000213393&amp;page=1</subfield>
      <subfield code="y">Biblioteca Digital Hispánica</subfield>
    </datafield>
  </record>