
  <record>
    <leader>01079ntm a2200241 4500</leader>
    <controlfield tag="001">Miam0000010041</controlfield>
    <controlfield tag="003">SpMaBN</controlfield>
    <controlfield tag="005">20181113004130.3</controlfield>
    <controlfield tag="008">060307q18011900 </controlfield>
    <datafield tag="016" ind1="7">
      <subfield code="a">biamBNE20060002721</subfield>
      <subfield code="2">SpMaBN</subfield>
    </datafield>
    <datafield tag="035">
      <subfield code="a">(OCoLC)430986272</subfield>
    </datafield>
    <datafield tag="040">
      <subfield code="a">SpMaBN</subfield>
      <subfield code="b">spa</subfield>
      <subfield code="c">SpMaBN</subfield>
      <subfield code="e">rdc</subfield>
    </datafield>
    <datafield tag="100" ind1="1">
      <subfield code="a">Vega, Lope de</subfield>
      <subfield code="d">1562-1635</subfield>
      <subfield code="0">http://datos.bne.es/resource/XX1719671</subfield>
    </datafield>
    <datafield tag="240" ind1="1" ind2="3">
      <subfield code="a">El bastardo Mudarra</subfield>
    </datafield>
    <datafield tag="245" ind1="1" ind2="3">
      <subfield code="a">El bastardo Mudarra</subfield>
      <subfield code="h">[Manuscrito]</subfield>
      <subfield code="b"> : tragicomedia. Emp.: Notable mi tiro ha sido (h.3)... Fin.: del bastardo Mudarra y los de Lara (h. 55)</subfield>
    </datafield>
    <datafield tag="260">
      <subfield code="c">S.XIX</subfield>
    </datafield>
    <datafield tag="300">
      <subfield code="a">I, 57 h.</subfield>
      <subfield code="c">28 x 20 cm.</subfield>
    </datafield>
    <datafield tag="500">
      <subfield code="a">Reproducción fotolitográfica del manuscrito conservado en la Real Academia Española, que en 1864 pertenecía a Salustiano de Olózaga</subfield>
    </datafield>
    <datafield tag="520" ind1="8">
      <subfield code="a">Precedido de una carta de Salustiano de Olózaga a Francisco López Fabro, de 13 noviembre 1864</subfield>
    </datafield>
    <datafield tag="561">
      <subfield code="a">Luis de Usoz y Río</subfield>
    </datafield>
    <datafield tag="655" ind2="7">
      <subfield code="a">Teatro</subfield>
      <subfield code="2">tgfbne</subfield>
    </datafield>
    <datafield tag="655" ind2="7">
      <subfield code="a">Teatro</subfield>
      <subfield code="z">España</subfield>
      <subfield code="y">S.XVI-XVII</subfield>
    </datafield>
    <datafield tag="856" ind1="4" ind2="1">
      <subfield code="u">http://bdh-rd.bne.es/viewer.vm?id=0000188260&amp;page=1</subfield>
      <subfield code="y">Biblioteca Digital Hispánica</subfield>
    </datafield>
  </record>