
  <record>
    <leader>01503ntm a2200325 4500</leader>
    <controlfield tag="001">Miam0000010433</controlfield>
    <controlfield tag="003">SpMaBN</controlfield>
    <controlfield tag="005">20181113004131.3</controlfield>
    <controlfield tag="008">060509s1608 spa </controlfield>
    <datafield tag="016" ind1="7">
      <subfield code="a">biamBNE20060006657</subfield>
      <subfield code="2">SpMaBN</subfield>
    </datafield>
    <datafield tag="035">
      <subfield code="a">(OCoLC)430987492</subfield>
    </datafield>
    <datafield tag="040">
      <subfield code="a">SpMaBN</subfield>
      <subfield code="b">spa</subfield>
      <subfield code="c">SpMaBN</subfield>
      <subfield code="e">rdc</subfield>
    </datafield>
    <datafield tag="100" ind1="1">
      <subfield code="a">Vega, Lope de</subfield>
      <subfield code="d">1562-1635</subfield>
      <subfield code="0">http://datos.bne.es/resource/XX1719671</subfield>
    </datafield>
    <datafield tag="240" ind1="1" ind2="3">
      <subfield code="a">La batalla del honor</subfield>
    </datafield>
    <datafield tag="245" ind1="1" ind2="3">
      <subfield code="a">La batalla del honor</subfield>
      <subfield code="h">[Manuscrito]</subfield>
      <subfield code="b">. Emp.: Al paso desta desdicha (h. 1)... Fin.: entre un rey y un almirante (h. 54v)</subfield>
    </datafield>
    <datafield tag="260">
      <subfield code="a">1608</subfield>
    </datafield>
    <datafield tag="300">
      <subfield code="a">55 h.</subfield>
      <subfield code="c">23 x 16 cm.</subfield>
    </datafield>
    <datafield tag="500">
      <subfield code="a">Según Paz, autógrafa. Firmada en h. 54v</subfield>
    </datafield>
    <datafield tag="510" ind1="4">
      <subfield code="a">Paz, Teatro (2ª ed.)</subfield>
      <subfield code="c">n. 386</subfield>
    </datafield>
    <datafield tag="520" ind1="8">
      <subfield code="a">Incluye carta de Salustiano de Olózaga al conde de Castelbajac, a quien regaló el manuscrito con motivo de su boda, fechada en Vico (Logroño) a 9 de agosto de 1858</subfield>
    </datafield>
    <datafield tag="541">
      <subfield code="c">Compra</subfield>
      <subfield code="a">Herederos del Conde de Castelbajac</subfield>
      <subfield code="d">22 de noviembre de 1909</subfield>
    </datafield>
    <datafield tag="561">
      <subfield code="a">Salustiano de Olózaga</subfield>
    </datafield>
    <datafield tag="581">
      <subfield code="a">Ed. Henryk Ziomek, Atenas, 1972</subfield>
    </datafield>
    <datafield tag="596">
      <subfield code="a">En h. 54v: En Madrid a 18 de abril de 1608. Lope de Vega Carpio</subfield>
    </datafield>
    <datafield tag="596">
      <subfield code="a">Aprobaciones: Madrid 1608, Lisboa y Sevilla 1610, y Jaen 1612</subfield>
    </datafield>
    <datafield tag="597">
      <subfield code="a">Tintas ferrogálicas</subfield>
    </datafield>
    <datafield tag="655" ind2="7">
      <subfield code="a">Teatro</subfield>
      <subfield code="2">tgfbne</subfield>
    </datafield>
    <datafield tag="655" ind2="7">
      <subfield code="a">Teatro</subfield>
      <subfield code="z">España</subfield>
      <subfield code="y">S.XVI-XVII</subfield>
    </datafield>
    <datafield tag="856" ind1="4" ind2="1">
      <subfield code="u">http://bdh-rd.bne.es/viewer.vm?id=0000099818&amp;page=1</subfield>
      <subfield code="y">Biblioteca Digital Hispánica</subfield>
    </datafield>
    <datafield tag="856" ind1="4" ind2="1">
      <subfield code="u">http://manos.net/manuscripts/bne/res-154-batalla-la-del-honor</subfield>
      <subfield code="y">Manos teatrales</subfield>
    </datafield>
  </record>