
  <record>
    <leader>01378ntm a2200313 c 4500</leader>
    <controlfield tag="001">a5735787</controlfield>
    <controlfield tag="003">SpMaBN</controlfield>
    <controlfield tag="005">20160118131703.2</controlfield>
    <controlfield tag="008">160108s19uu sp 000 0 spa </controlfield>
    <datafield tag="035">
      <subfield code="a">(OCoLC)937759380</subfield>
    </datafield>
    <datafield tag="040">
      <subfield code="a">SpMaBN</subfield>
      <subfield code="b">spa</subfield>
      <subfield code="c">SpMaBN</subfield>
      <subfield code="e">rdc</subfield>
    </datafield>
    <datafield tag="100" ind1="1">
      <subfield code="a">Vega, Lope de</subfield>
      <subfield code="d">1562-1635</subfield>
      <subfield code="4">aut</subfield>
    </datafield>
    <datafield tag="240" ind1="1" ind2="4">
      <subfield code="a">Las batuecas del Duque de Alba</subfield>
    </datafield>
    <datafield tag="245" ind1="1" ind2="4">
      <subfield code="a">Las batuecas del Duque de Alva :</subfield>
      <subfield code="b">comedia famosa : Emp.: Aduélete de mi amor (h. 3) ... Fin.: caso notable en España (h. 27v)</subfield>
      <subfield code="c">de Lope de Vega Carpio</subfield>
    </datafield>
    <datafield tag="260">
      <subfield code="a">S.XIX</subfield>
    </datafield>
    <datafield tag="300">
      <subfield code="a">27 h.</subfield>
      <subfield code="c">22 x 16 cm</subfield>
    </datafield>
    <datafield tag="336">
      <subfield code="a">Texto (visual)</subfield>
      <subfield code="2">isbdcontent</subfield>
    </datafield>
    <datafield tag="337">
      <subfield code="a">sin mediación</subfield>
      <subfield code="2">isbdmedia</subfield>
    </datafield>
    <datafield tag="500">
      <subfield code="a">Al final: M.H.P.</subfield>
    </datafield>
    <datafield tag="510" ind1="4">
      <subfield code="a">Morley, S.; Bruerton C. Cronología de las comedias de Lope de Vega, 1968</subfield>
      <subfield code="c">p. 439</subfield>
    </datafield>
    <datafield tag="510" ind1="4">
      <subfield code="a">Paz, Teatro (2ª ed.)</subfield>
      <subfield code="c">I, n. 389</subfield>
    </datafield>
    <datafield tag="510" ind1="4">
      <subfield code="a">Rennert, H y Castro, A. Vida de Lope de Vega, 1919</subfield>
      <subfield code="c">p. 464</subfield>
    </datafield>
    <datafield tag="510" ind1="4">
      <subfield code="a">Paz, Teatro (2ª ed.)</subfield>
      <subfield code="c">I, n. 389</subfield>
    </datafield>
    <datafield tag="510" ind1="4">
      <subfield code="a">Urzáiz Tortajada, Héctor, Catálogo de autores teatrales del siglo XVII, Madrid, 2002</subfield>
      <subfield code="c">v. II, p. 654</subfield>
    </datafield>
    <datafield tag="529" ind1="0" ind2="0">
      <subfield code="a">Aduélete de mi amor (h. 3) ... caso notable en España (h. 27v)</subfield>
    </datafield>
    <datafield tag="581" ind1="8">
      <subfield code="a">Las batuecas del Duque de Alua ... en Parte veinte y tres de las Comedias de Lope Felix de Vega Carpio..., 1638</subfield>
    </datafield>
    <datafield tag="597">
      <subfield code="a">Portada a dios tintas, negra y roja</subfield>
    </datafield>
    <datafield tag="655" ind2="7">
      <subfield code="a">Teatro</subfield>
      <subfield code="2">tgfbne</subfield>
    </datafield>
    <datafield tag="655">
      <subfield code="a">Manuscritos</subfield>
      <subfield code="2">tgfbne</subfield>
    </datafield>
  </record>