
  <record>
    <leader>01116ctm a2200253 4500</leader>
    <controlfield tag="001">a4606710</controlfield>
    <controlfield tag="003">SpMaBN</controlfield>
    <controlfield tag="005">20181113004140.3</controlfield>
    <controlfield tag="008">090929q17011800sp 000 0 spa/ </controlfield>
    <datafield tag="035">
      <subfield code="a">(OCoLC)740336268</subfield>
    </datafield>
    <datafield tag="040">
      <subfield code="a">SpMaBN</subfield>
      <subfield code="b">spa</subfield>
      <subfield code="c">SpMaBN</subfield>
      <subfield code="e">rdc</subfield>
    </datafield>
    <datafield tag="100" ind1="1">
      <subfield code="a">García de Arrieta, Agustín</subfield>
      <subfield code="d">ca. 1775-1835</subfield>
    </datafield>
    <datafield tag="245" ind1="1" ind2="3">
      <subfield code="a">La bella malmaridada o La escuela de las casadas</subfield>
      <subfield code="h">[Manuscrito] :</subfield>
      <subfield code="b">comedia en tres actos. Emp.: ¿Soy tu esclavo por ventura? (h. 2v)... Fin.: la bella malmaridada (h. 15v)</subfield>
      <subfield code="c">de Lope Félix de Vega Carpio; refundida y arreglada por A. G. de A.</subfield>
    </datafield>
    <datafield tag="246" ind1="1" ind2="3">
      <subfield code="a">La escuela de las casadas</subfield>
    </datafield>
    <datafield tag="260">
      <subfield code="a">S.XVIII</subfield>
    </datafield>
    <datafield tag="300">
      <subfield code="a">15 h.</subfield>
      <subfield code="c">31 x 22 cm.</subfield>
    </datafield>
    <datafield tag="500">
      <subfield code="a">Borrador autógrafo con correcciones</subfield>
    </datafield>
    <datafield tag="500">
      <subfield code="a">V.a. Mss/17071, El mayorazgo dudoso</subfield>
    </datafield>
    <datafield tag="510" ind1="4">
      <subfield code="a">Paz, Teatro (2ª ed.)</subfield>
      <subfield code="c">n. 396</subfield>
    </datafield>
    <datafield tag="529" ind1="0" ind2="0">
      <subfield code="a">¿Soy tu esclavo por ventura? (h. 2v)... la bella malmaridada (h. 15v)</subfield>
    </datafield>
    <datafield tag="655" ind1="7" ind2="7">
      <subfield code="a">Teatro</subfield>
      <subfield code="2">tgfbne</subfield>
    </datafield>
    <datafield tag="655" ind2="7">
      <subfield code="a">Teatro</subfield>
      <subfield code="z">España</subfield>
      <subfield code="y">S.XVI-XVII</subfield>
    </datafield>
    <datafield tag="700" ind1="0">
      <subfield code="a">Vega, Lope de</subfield>
      <subfield code="d">1562-1635</subfield>
      <subfield code="t">La bella malmaridada</subfield>
    </datafield>
    <datafield tag="856" ind1="4" ind2="1">
      <subfield code="u">http://bdh-rd.bne.es/viewer.vm?id=0000223729&amp;page=1</subfield>
      <subfield code="y">Biblioteca Digital Hispánica</subfield>
    </datafield>
  </record>