
  <record>
    <leader>01580ctm a2200301 4500</leader>
    <controlfield tag="001">a4629963</controlfield>
    <controlfield tag="003">SpMaBN</controlfield>
    <controlfield tag="005">20181113004141.3</controlfield>
    <controlfield tag="008">091110q18011900sp 000 0 spa/ </controlfield>
    <datafield tag="035">
      <subfield code="a">(OCoLC)740337952</subfield>
    </datafield>
    <datafield tag="040">
      <subfield code="a">SpMaBN</subfield>
      <subfield code="b">spa</subfield>
      <subfield code="c">SpMaBN</subfield>
      <subfield code="e">rdc</subfield>
    </datafield>
    <datafield tag="100" ind1="1">
      <subfield code="a">Vega, Lope de</subfield>
      <subfield code="d">1562-1635</subfield>
    </datafield>
    <datafield tag="240" ind1="1" ind2="3">
      <subfield code="a">El Brasil restituido</subfield>
    </datafield>
    <datafield tag="245" ind1="1" ind2="3">
      <subfield code="a">El Brasil restituido</subfield>
      <subfield code="h">[Manuscrito] :</subfield>
      <subfield code="b">comedia inédita. Emp.: Injustas quejas (h. 2)... Fin.: de tan heroico suceso (h. 24)</subfield>
      <subfield code="c">de Lope de Vega Carpio</subfield>
    </datafield>
    <datafield tag="260">
      <subfield code="a">S.XIX</subfield>
    </datafield>
    <datafield tag="300">
      <subfield code="a">25 h.</subfield>
      <subfield code="c">22 x 14 cm.</subfield>
    </datafield>
    <datafield tag="500">
      <subfield code="a">V.a. R/33775, facsímil del original autógrafo</subfield>
    </datafield>
    <datafield tag="510" ind1="4">
      <subfield code="a">Paz, Teatro (2ª ed.), n. 450</subfield>
    </datafield>
    <datafield tag="510" ind1="4">
      <subfield code="a">Barrera y Leirado, Cayetano Alberto de la, Catálogo bibliográfico y biográfico del teatro antiguo español, Madrid, 1969, p. 436</subfield>
    </datafield>
    <datafield tag="510" ind1="4">
      <subfield code="a">Pérez y Pérez, María Cruz, Bibliografía del teatro de Lope de Vega, Madrid, 1973, n. 44</subfield>
    </datafield>
    <datafield tag="510" ind1="4">
      <subfield code="a">Hamilton, John W., Dos obras de Lope de Vega con tema americano, Alabama, 1968, p. XXIII</subfield>
    </datafield>
    <datafield tag="529" ind1="0" ind2="0">
      <subfield code="a">Injustas quejas (h. 2)... de tan heroico suceso (h. 24)</subfield>
    </datafield>
    <datafield tag="561">
      <subfield code="a">Agustín Durán</subfield>
    </datafield>
    <datafield tag="596">
      <subfield code="a">Nota en portada: Copiada del manuscrito autógrafo que poseyó Don Carlos O. Rich, cónsul de los Estados Unidos, quien lo compró de la biblioteca del difunto don Fernando de la Serna</subfield>
    </datafield>
    <datafield tag="596">
      <subfield code="a">Licencias de representación en Madrid, a 29 de octubre de 1625, por Pedro de Vargas Machuca</subfield>
    </datafield>
    <datafield tag="655" ind1="7" ind2="7">
      <subfield code="a">Teatro</subfield>
      <subfield code="2">tgfbne</subfield>
    </datafield>
    <datafield tag="655" ind2="7">
      <subfield code="a">Teatro</subfield>
      <subfield code="z">España</subfield>
      <subfield code="y">S.XVI-XVII</subfield>
    </datafield>
    <datafield tag="856" ind1="4" ind2="1">
      <subfield code="u">http://bdh-rd.bne.es/viewer.vm?id=0000223530&amp;page=1</subfield>
      <subfield code="y">Biblioteca Digital Hispánica</subfield>
    </datafield>
  </record>