
  <record>
    <leader>00871ntm a2200217 4500</leader>
    <controlfield tag="001">Miam0000011331</controlfield>
    <controlfield tag="003">SpMaBN</controlfield>
    <controlfield tag="005">20181119204329.2</controlfield>
    <controlfield tag="008">061121q16131635 spa </controlfield>
    <datafield tag="016" ind1="7">
      <subfield code="a">biamBNE20060015679</subfield>
      <subfield code="2">SpMaBN</subfield>
    </datafield>
    <datafield tag="035">
      <subfield code="a">(OCoLC)430603062</subfield>
    </datafield>
    <datafield tag="040">
      <subfield code="a">SpMaBN</subfield>
      <subfield code="b">spa</subfield>
      <subfield code="c">SpMaBN</subfield>
      <subfield code="e">rdc</subfield>
    </datafield>
    <datafield tag="100" ind1="1">
      <subfield code="a">Vega, Lope de</subfield>
      <subfield code="d">1562-1635</subfield>
      <subfield code="0">http://datos.bne.es/resource/XX1719671</subfield>
    </datafield>
    <datafield tag="245" ind1="1" ind2="0">
      <subfield code="a">Carta de Lope de Vega a don Antonio Hurtado de Mendoza, sobre asuntos literarios</subfield>
      <subfield code="h">[Manuscrito]</subfield>
    </datafield>
    <datafield tag="260">
      <subfield code="c">[ca. 1613-1635]</subfield>
    </datafield>
    <datafield tag="300">
      <subfield code="a">2 h.</subfield>
      <subfield code="c">31 x 22 cm.</subfield>
    </datafield>
    <datafield tag="500">
      <subfield code="a">Autógrafa</subfield>
    </datafield>
    <datafield tag="581">
      <subfield code="a">Paz y Meliá, A., RABM, III (1899), p. 365-366</subfield>
    </datafield>
    <datafield tag="600" ind1="1" ind2="7">
      <subfield code="a">Hurtado de Mendoza, Antonio</subfield>
      <subfield code="d">1586-1644</subfield>
      <subfield code="2">embne</subfield>
      <subfield code="0">http://datos.bne.es/resource/XX955279</subfield>
    </datafield>
    <datafield tag="655" ind2="7">
      <subfield code="a">Teatro</subfield>
      <subfield code="z">España</subfield>
      <subfield code="y">S.XVI-XVII</subfield>
      <subfield code="2">tgfbne</subfield>
    </datafield>
    <datafield tag="856" ind1="4" ind2="1">
      <subfield code="u">http://bdh-rd.bne.es/viewer.vm?id=0000202179&amp;page=1</subfield>
      <subfield code="y">Biblioteca Digital Hispánica</subfield>
    </datafield>
  </record>