
  <record>
    <leader>01854ntd a2200349 c 4500</leader>
    <controlfield tag="001">a5529247</controlfield>
    <controlfield tag="003">SpMaBN</controlfield>
    <controlfield tag="005">20181113004156.3</controlfield>
    <controlfield tag="008">140827s18uu sp 000 0 spa </controlfield>
    <datafield tag="035">
      <subfield code="a">(OCoLC)890305498</subfield>
    </datafield>
    <datafield tag="040">
      <subfield code="a">SpMaBN</subfield>
      <subfield code="b">spa</subfield>
      <subfield code="c">SpMaBN</subfield>
      <subfield code="e">rdc</subfield>
    </datafield>
    <datafield tag="100" ind1="1">
      <subfield code="a">Vega, Lope de</subfield>
      <subfield code="d">1562-1635</subfield>
      <subfield code="4">aut</subfield>
      <subfield code="0">http://datos.bne.es/resource/XX1719671</subfield>
    </datafield>
    <datafield tag="245" ind1="1" ind2="0">
      <subfield code="a">Cartas de Lope de Vega</subfield>
      <subfield code="b">: copiadas de copia hecha por el Sr. D. Agustín Durán</subfield>
    </datafield>
    <datafield tag="260">
      <subfield code="a">S. XIX</subfield>
    </datafield>
    <datafield tag="300">
      <subfield code="a">I, 52 h.</subfield>
      <subfield code="c">31 cm o menores</subfield>
    </datafield>
    <datafield tag="336">
      <subfield code="a">Texto (visual)</subfield>
      <subfield code="2">isbdcontent</subfield>
    </datafield>
    <datafield tag="337">
      <subfield code="a">sin mediación</subfield>
      <subfield code="2">isbdmedia</subfield>
    </datafield>
    <datafield tag="500">
      <subfield code="a">Texto con correcciones autógrafas de Juan Eugenio Hartzenbusch</subfield>
    </datafield>
    <datafield tag="520" ind1="2">
      <subfield code="a">62 cartas, numeradas 1-61 y 84, algunas dirigidas al duque de Lerma, fechadas en Toledo, Madrid y Lerma entre 1604 y 1614; varias sin lugar, fecha ni destinatario</subfield>
    </datafield>
    <datafield tag="541">
      <subfield code="c">Donado por</subfield>
      <subfield code="a">Eugenio Hartzenbusch Hiriart</subfield>
      <subfield code="d">1910</subfield>
    </datafield>
    <datafield tag="561">
      <subfield code="a">Juan Eugenio Hartzenbusch</subfield>
    </datafield>
    <datafield tag="580">
      <subfield code="a">Forma parte de los Papeles de Juan Eugenio Hartzenbusch, serie Estudios literarios</subfield>
    </datafield>
    <datafield tag="597">
      <subfield code="a">En blanco las h. 25v, 50v y 52v</subfield>
    </datafield>
    <datafield tag="655" ind2="7">
      <subfield code="a">Manuscritos</subfield>
      <subfield code="2">tgfbne</subfield>
    </datafield>
    <datafield tag="655" ind2="7">
      <subfield code="a">Archivos personales</subfield>
      <subfield code="2">tgfbne</subfield>
    </datafield>
    <datafield tag="655" ind2="7">
      <subfield code="a">Teatro</subfield>
      <subfield code="z">España</subfield>
      <subfield code="y">S.XVI-XVII</subfield>
    </datafield>
    <datafield tag="700" ind1="1">
      <subfield code="a">Lerma, Francisco Gómez de Sandovaly Rojas,</subfield>
      <subfield code="c">Duque de</subfield>
      <subfield code="d">1553-1625</subfield>
      <subfield code="e">destinatario</subfield>
      <subfield code="4">rcp</subfield>
      <subfield code="0">http://datos.bne.es/resource/XX832943</subfield>
    </datafield>
    <datafield tag="700" ind1="1">
      <subfield code="a">Durán, Agustín</subfield>
      <subfield code="d">1793-1862</subfield>
      <subfield code="4">aut</subfield>
      <subfield code="0">http://datos.bne.es/resource/XX1134333</subfield>
    </datafield>
    <datafield tag="787" ind1="1" ind2="8">
      <subfield code="w">a5524983</subfield>
      <subfield code="i">Documentos del fondo</subfield>
      <subfield code="t">Papeles de Hartzenbusch</subfield>
    </datafield>
    <datafield tag="787" ind1="1" ind2="8">
      <subfield code="i">Documentos del fondo</subfield>
      <subfield code="t">Papeles de Hartzenbusch, serie Estudios literarios</subfield>
      <subfield code="w"> a5532440</subfield>
    </datafield>
    <datafield tag="856" ind1="4" ind2="1">
      <subfield code="u">http://bdh-rd.bne.es/viewer.vm?id=0000202042&amp;page=1</subfield>
      <subfield code="y">Biblioteca Digital Hispánica</subfield>
    </datafield>
    <datafield tag="856" ind1="4" ind2="8">
      <subfield code="u">http://catalogo.bne.es/uhtbin/cgisirsi/0/x/0/05?searchdata1= a5524983{CKEY}</subfield>
      <subfield code="y">Descripción general del fondo Papeles de Juan Eugenio de Hartzenbusch</subfield>
    </datafield>
  </record>