
  <record>
    <leader>00790ctm a2200181 c 4500</leader>
    <controlfield tag="001">a4982379</controlfield>
    <controlfield tag="003">SpMaBN</controlfield>
    <controlfield tag="005">20181113004149.3</controlfield>
    <controlfield tag="008">110124q18011900sp 000 0 spa </controlfield>
    <datafield tag="035">
      <subfield code="a">(OCoLC)740357280</subfield>
    </datafield>
    <datafield tag="040">
      <subfield code="a">SpMaBN</subfield>
      <subfield code="b">spa</subfield>
      <subfield code="c">SpMaBN</subfield>
      <subfield code="e">rdc</subfield>
    </datafield>
    <datafield tag="100" ind1="1">
      <subfield code="a">Vega, Lope de</subfield>
      <subfield code="d">1562-1635</subfield>
      <subfield code="0">http://datos.bne.es/resource/XX1719671</subfield>
    </datafield>
    <datafield tag="245" ind1="1" ind2="0">
      <subfield code="a">Cartas y billetes de Belardo a Lucilo sobre diversas materias. </subfield>
      <subfield code="n">Tomo 2</subfield>
      <subfield code="h">[Manuscrito]</subfield>
      <subfield code="c">[Félix Lope de Vega Carpio]</subfield>
    </datafield>
    <datafield tag="260">
      <subfield code="a">S.XIX</subfield>
    </datafield>
    <datafield tag="300">
      <subfield code="a">229 h.</subfield>
      <subfield code="c">32 x 22 cm</subfield>
    </datafield>
    <datafield tag="655" ind2="7">
      <subfield code="a">Teatro</subfield>
      <subfield code="z">España</subfield>
      <subfield code="y">S.XVI-XVII</subfield>
    </datafield>
    <datafield tag="856" ind1="4" ind2="1">
      <subfield code="u">http://bdh-rd.bne.es/viewer.vm?id=0000082946&amp;page=1</subfield>
      <subfield code="y">Biblioteca Digital Hispánica</subfield>
    </datafield>
    <datafield tag="856" ind1="4" ind2="2">
      <subfield code="u">http://www.bne.es/es/Micrositios/Guias/Inventario_Manuscritos/resources/docs/invgenmss04x1x.pdf#page=89</subfield>
      <subfield code="y">Inventario General de Manuscritos</subfield>
    </datafield>
  </record>