
  <record>
    <leader>03450ntm a2200421 i 4500</leader>
    <controlfield tag="001">a6079064</controlfield>
    <controlfield tag="003">SpMaBN</controlfield>
    <controlfield tag="005">20181121103156.4</controlfield>
    <controlfield tag="008">171215k16041614sp 000 idspa </controlfield>
    <datafield tag="040">
      <subfield code="a">SpMaBN</subfield>
      <subfield code="b">spa</subfield>
      <subfield code="c">SpMaBN</subfield>
      <subfield code="e">rdc</subfield>
    </datafield>
    <datafield tag="100" ind1="1">
      <subfield code="a">Vega, Lope de</subfield>
      <subfield code="d">1562-1635</subfield>
      <subfield code="4">aut</subfield>
    </datafield>
    <datafield tag="240" ind1="1" ind2="0">
      <subfield code="a">Cartas y billetes de Belardo a Lucilo sobre diversas materias</subfield>
    </datafield>
    <datafield tag="245" ind1="1" ind2="0">
      <subfield code="a">Carttas [y bi]llettes de Belardo a Lucilo sobre diverssas matterias. </subfield>
      <subfield code="n">P[rimer] tomo</subfield>
      <subfield code="c">Lope de Vega Carpio</subfield>
    </datafield>
    <datafield tag="260">
      <subfield code="a">Toledo, [etc.]</subfield>
      <subfield code="c">1604-1614</subfield>
    </datafield>
    <datafield tag="300">
      <subfield code="a">[I], 201 [i.e. 209]</subfield>
      <subfield code="c">30 x 21 cm</subfield>
    </datafield>
    <datafield tag="336">
      <subfield code="a">Texto (visual)</subfield>
      <subfield code="2">isbdcontent</subfield>
    </datafield>
    <datafield tag="337">
      <subfield code="a">sin mediación</subfield>
      <subfield code="2">isbdmedia</subfield>
    </datafield>
    <datafield tag="500">
      <subfield code="a">Principalmente autógrafas, algunas firmadas y otras solo rubricadas</subfield>
    </datafield>
    <datafield tag="500">
      <subfield code="a">Las cartas n. 101-118 son copias y aparecen intercaladas entre las cartas n. 86 y 87</subfield>
    </datafield>
    <datafield tag="500">
      <subfield code="a">V.a. Mss/1200 (copia de este manuscrito cuando pertenecía al Conde de Altamira, realizada por Isidoro Rosell en torno a 1865)</subfield>
    </datafield>
    <datafield tag="520" ind1="2">
      <subfield code="a">Colección de 117 cartas y notas breves, autógrafas en su mayor parte, enviadas por Lope de Vega al IV Duque de Sessa, Luis Fernández de Córdoba y Aragón, en su calidad de secretario, y de amigo y confidente del duque, en las que se alude, entre otros asuntos, a la relación del poeta con el duque, a la vida privada, a las aspiraciones del poeta y a lo que sucede en la Corte, excepto la carta n. 32 que está dirigida a un destinatario desconocido</subfield>
      <subfield code="b">Incluye 96 cartas autógrafas y 21 copias (n. 21, 32, 101-119), numeradas (faltan las cartas n. 83 y 88), pero sin seguir un orden cronológico</subfield>
    </datafield>
    <datafield tag="541" ind1="1">
      <subfield code="c">Compra a</subfield>
      <subfield code="a">Familia de Bustos y Pardo Manuel de Villena.</subfield>
      <subfield code="b">Madrid,</subfield>
      <subfield code="d">18 de septiembre de 2017</subfield>
    </datafield>
    <datafield tag="581">
      <subfield code="a">González de Amezúa, Agustín, Epistolario de Lope de Vega. Madrid, 1935</subfield>
    </datafield>
    <datafield tag="594">
      <subfield code="a">Título tomado de h. 1, mutilada parcialmente y restaurada por pérdida de soporte</subfield>
    </datafield>
    <datafield tag="594">
      <subfield code="a">Belardo es uno de los seudónimos utilizado por Lope de Vega</subfield>
    </datafield>
    <datafield tag="596">
      <subfield code="a">Numerosas cartas sin data; el resto fechadas en Toledo, Madrid, Lerma y Segovia entre el 4 de agosto de 1604 y el 23 de marzo de 1614</subfield>
    </datafield>
    <datafield tag="597">
      <subfield code="a">Foliación original a tinta con algunos errores: sin numerar una hoja entre las h. 5 y 6, y entre las h. 160 y 161; pasa de la h. 167 a la 170; entre las h. 175 a 176 intercaladas 8 h. sin numerar</subfield>
    </datafield>
    <datafield tag="597">
      <subfield code="a">Sello de placa en algunas h. (h. 36v, 50v, 54v, 66v, 80v, 92v, 102v, 124v, 132v y 140v) y restos del mismo en h. 138v, 142v, 146v, 150v, 152v, 165v y 192v)</subfield>
    </datafield>
    <datafield tag="597">
      <subfield code="a">En blanco las h. 9, 15, 21, 28, 30, 32, 38, 42, 54, 56, 58, 66, 68, 70, 74, 78, 92, 98, 106, 120, 130, 132, 138, 142, 150, 156, 158, 163, 167 y 180</subfield>
    </datafield>
    <datafield tag="597">
      <subfield code="a">Desgarro en h. 95; pérdida de papel en h. 1-2, 28, 36, 54, 66, 80, 92, 110, 132, 138, 140, 142, 146, 150, 152 y 165 sin afectar al texto</subfield>
    </datafield>
    <datafield tag="597">
      <subfield code="a">Muy deterioradas las ��ltimas h. por degarros en el margen inferior y en el margen de corte, afectando a la lectura del texto</subfield>
    </datafield>
    <datafield tag="597">
      <subfield code="a">Parcialmente sueltas la cartas n. 11 y 79</subfield>
    </datafield>
    <datafield tag="655" ind2="7">
      <subfield code="a">Manuscritos</subfield>
      <subfield code="2">tgfbne</subfield>
    </datafield>
    <datafield tag="655" ind2="7">
      <subfield code="a">Cartas</subfield>
      <subfield code="2">tgfbne</subfield>
    </datafield>
    <datafield tag="655" ind2="7">
      <subfield code="a">Teatro</subfield>
      <subfield code="z">España</subfield>
      <subfield code="y">S.XVI-XVII</subfield>
      <subfield code="2">tgfbne</subfield>
    </datafield>
    <datafield tag="700" ind1="1">
      <subfield code="a">Sessa, Luis Fernández de Córdoba Cardona y Aragón,</subfield>
      <subfield code="c">duque de</subfield>
      <subfield code="d">1582-1645?</subfield>
      <subfield code="e">destinatario</subfield>
      <subfield code="4">rcp</subfield>
    </datafield>
    <datafield tag="775" ind1="0" ind2="8">
      <subfield code="i">Copia manuscrita:</subfield>
      <subfield code="a">Vega, Lope de</subfield>
      <subfield code="d">1562-1635.</subfield>
      <subfield code="t">Cartas y billetes de Belardoa Lucilo sobre diversas materias</subfield>
      <subfield code="d">1865</subfield>
      <subfield code="w">a4982349</subfield>
    </datafield>
    <datafield tag="856" ind1="4" ind2="1">
      <subfield code="u">http://bdh-rd.bne.es/viewer.vm?id=0000226206&amp;page=1</subfield>
      <subfield code="y">Biblioteca Digital Hispánica</subfield>
    </datafield>
  </record>