
  <record>
    <leader>02696ntm a2200397 4500</leader>
    <controlfield tag="001">Miam0000010346</controlfield>
    <controlfield tag="003">SpMaBN</controlfield>
    <controlfield tag="005">20190105114755.7</controlfield>
    <controlfield tag="008">060425q15011700 spa </controlfield>
    <datafield tag="016" ind1="7">
      <subfield code="a">biamBNE20060005780</subfield>
      <subfield code="2">SpMaBN</subfield>
    </datafield>
    <datafield tag="035">
      <subfield code="a">(OCoLC)430987376</subfield>
    </datafield>
    <datafield tag="040">
      <subfield code="a">SpMaBN</subfield>
      <subfield code="b">spa</subfield>
      <subfield code="c">SpMaBN</subfield>
      <subfield code="e">rdc</subfield>
    </datafield>
    <datafield tag="100" ind1="1">
      <subfield code="a">Vega, Lope de</subfield>
      <subfield code="d">1562-1635</subfield>
      <subfield code="0">http://datos.bne.es/resource/XX1719671</subfield>
    </datafield>
    <datafield tag="245" ind1="1" ind2="0">
      <subfield code="a">Comedias de Lope de Vega</subfield>
      <subfield code="h">[Manuscrito]</subfield>
    </datafield>
    <datafield tag="260">
      <subfield code="a">S.XVI-XVII</subfield>
    </datafield>
    <datafield tag="300">
      <subfield code="a">III, 163 h.</subfield>
      <subfield code="c">22 x 16 cm., y menos</subfield>
    </datafield>
    <datafield tag="500">
      <subfield code="a">Según Paz, la nº 1 y 2 son autógrafas. La 3 lleva la firma autógrafa en la primera y última h. En la 4, algunas h. son autógrafas</subfield>
    </datafield>
    <datafield tag="505" ind1="0">
      <subfield code="a">Amor, pleito i desafio. Emp.: Advierta Vusiñoría (h. 1)... Fin.: si perdonáis nuestras faltas (h. 59); La doncella Teodor. Emp.: Dame herreruelo y sombrero (h. 62)... Fin.: perdonad el corto ingenio (h. 120v); El favor agradec ido. Emp.: Por aquí me suele hablar (h. 124)... Fin.: mientras viven caminan a la muerte (h. 140); Más pueden celos que amor, acto segundo. Emp.: Al cabo de tantos días (h. 145)... Fin.: Conde de Lerín, por Dios... (h. 163v)</subfield>
    </datafield>
    <datafield tag="510" ind1="4">
      <subfield code="a">Paz, Teatro (2ª ed.)</subfield>
      <subfield code="c">n. 181, 1111, 1386 y 2265</subfield>
    </datafield>
    <datafield tag="561">
      <subfield code="a">Agustín Durán</subfield>
    </datafield>
    <datafield tag="596">
      <subfield code="a">En h. II y 59 (Amor, pleito i desafio): En Madrid a 23 de noviembre de 1621. En h. 59, además, censura de Pedro Vargas Machuca, en Madrid 14 de enero de 1622</subfield>
    </datafield>
    <datafield tag="596">
      <subfield code="a">En h. 123 (El favor agradecido): en Alba 19 de diciembre de 1593</subfield>
    </datafield>
    <datafield tag="597">
      <subfield code="a">En blanco las h. 18, 38, 79-82, 102, 121 y 141</subfield>
    </datafield>
    <datafield tag="597">
      <subfield code="a">La h. 163 mutilada en la parte inferior</subfield>
    </datafield>
    <datafield tag="597">
      <subfield code="a">Numerosas correcciones</subfield>
    </datafield>
    <datafield tag="655" ind2="7">
      <subfield code="a">Teatro</subfield>
      <subfield code="2">tgfbne</subfield>
    </datafield>
    <datafield tag="655" ind2="7">
      <subfield code="a">Teatro</subfield>
      <subfield code="z">España</subfield>
      <subfield code="y">S.XVI-XVII</subfield>
      <subfield code="2">tgfbne</subfield>
    </datafield>
    <datafield tag="700" ind1="1">
      <subfield code="a">Vega, Lope de</subfield>
      <subfield code="d">1562-1635</subfield>
      <subfield code="t">Amor, pleito y desafío</subfield>
      <subfield code="0">http://datos.bne.es/resource/XX2901608</subfield>
    </datafield>
    <datafield tag="700" ind1="1">
      <subfield code="a">Vega, Lope de</subfield>
      <subfield code="d">1562-1635</subfield>
      <subfield code="t">La doncella Teodor</subfield>
      <subfield code="0">http://datos.bne.es/resource/XX3457304</subfield>
    </datafield>
    <datafield tag="700" ind1="1">
      <subfield code="a">Vega, Lope de</subfield>
      <subfield code="d">1562-1635</subfield>
      <subfield code="t">El favor agradecido</subfield>
      <subfield code="0">http://datos.bne.es/resource/XX2219401</subfield>
    </datafield>
    <datafield tag="700" ind1="1">
      <subfield code="a">Vega, Lope de</subfield>
      <subfield code="d">1562-1635</subfield>
      <subfield code="t">Más pueden celos que amor</subfield>
      <subfield code="0">http://datos.bne.es/resource/XX2219290</subfield>
    </datafield>
    <datafield tag="856" ind1="4" ind2="1">
      <subfield code="u">http://bdh-rd.bne.es/viewer.vm?id=0000013986&amp;page=1</subfield>
      <subfield code="y">Biblioteca Digital Hispánica</subfield>
    </datafield>
    <datafield tag="856" ind1="4" ind2="1">
      <subfield code="u">http://manos.net/manuscripts/bne/res-134-mas-pueden-celos-que-amor</subfield>
      <subfield code="y">Manos teatrales. Mas pueden celos que amor</subfield>
    </datafield>
    <datafield tag="856" ind1="4" ind2="1">
      <subfield code="u">http://manos.net/manuscripts/bne/res-134-amor-pleito-y-desafio</subfield>
      <subfield code="y">Manos teatrales. Amor, pleito y desafío</subfield>
    </datafield>
    <datafield tag="856" ind1="4" ind2="1">
      <subfield code="u">http://manos.net/manuscripts/bne/res-134-doncella-la-teodor</subfield>
      <subfield code="y">Manos teatrales. La doncela Teodor</subfield>
    </datafield>
    <datafield tag="856" ind1="4" ind2="1">
      <subfield code="u">http://manos.net/manuscripts/bne/res-134-favor-el-agradecido</subfield>
      <subfield code="y">Manos teatrales. El favor agracedido</subfield>
    </datafield>
  </record>