
  <record>
    <leader>03759ctm a2200469 i 4500</leader>
    <controlfield tag="001">a4824920</controlfield>
    <controlfield tag="003">SpMaBN</controlfield>
    <controlfield tag="005">20181113004148.3</controlfield>
    <controlfield tag="008">100916s1762 sp 000 0 spa </controlfield>
    <datafield tag="035">
      <subfield code="a">(OCoLC)740352498</subfield>
    </datafield>
    <datafield tag="040">
      <subfield code="a">SpMaBN</subfield>
      <subfield code="b">spa</subfield>
      <subfield code="c">SpMaBN</subfield>
      <subfield code="e">rdc</subfield>
    </datafield>
    <datafield tag="100" ind1="1">
      <subfield code="a">Vega, Lope de</subfield>
      <subfield code="d">1562-1635</subfield>
      <subfield code="0">http://datos.bne.es/resource/XX1719671</subfield>
    </datafield>
    <datafield tag="245" ind1="1" ind2="0">
      <subfield code="a">Comedias de Lope de Vega</subfield>
      <subfield code="h">[Manuscrito]</subfield>
      <subfield code="n">.Tomo cuarto</subfield>
    </datafield>
    <datafield tag="260">
      <subfield code="a">1762</subfield>
    </datafield>
    <datafield tag="300">
      <subfield code="a">483 h.</subfield>
      <subfield code="c">22 x 16 cm</subfield>
    </datafield>
    <datafield tag="500">
      <subfield code="a">Ex libris de la Casa de Oñate-Monte Alegre-Los Arcos</subfield>
    </datafield>
    <datafield tag="500">
      <subfield code="a">V.a. Mss/14612 para El bastardo Mudarra y Res/166 para El valeroso cordobés, Pedro Carbonero</subfield>
    </datafield>
    <datafield tag="505" ind1="0">
      <subfield code="a">El valeroso cordobés Pedro Carbonero: tragicomedia. Emp.: Aquí esperarle podéis (h. 2)... Fin.: de los hechos de Pedro Carbonero (h. 56v). Marqués de Mantua: tragicomedia. Emp.: ¿Tan cerca viene de aquí? (h. 60)... Fin.: de cuyo ejemplo Francia hasta hoy se alava (h. 105). El primero Benavides. Emp.: Yo le tengo de llevar (h. 115v)... Fin.: del primero Benavides (h. 170v).Estefanía la desdichada: primera tragedia. Emp.: Contento en extremo voy (h.181)... Fin.: que lloran castros y andradas (h. 239v). El bastardo Mudarra: tragicomedia. Emp.: Notable mi tiro ha sido (h. 244)... Fin.: del bastardo Mudarra y los de Lara (h. 302). El príncipe despeñado: tragicomedia. Emp.: Sancho es rey (h. 306)... Fin.: del príncipe des peñado (h. 363v). La imperial: tragicomedia. Emp.: Traednos sillas aquí (h. 368)... Fin.: a la comedia imperial (h. 423v). Los embustes de Celauro: comedia. Emp.: Traidor con una mujer (h. 432)... Fin.: los embustes de Celauro (h. 481v). Índice (h. 48 3v)</subfield>
    </datafield>
    <datafield tag="510" ind1="4">
      <subfield code="a">González de Amezúa, Agustín, Una colección manuscrita y desconocida de comedias de Lope de Vega Carpio, Madrid, 1945</subfield>
    </datafield>
    <datafield tag="529" ind1="0" ind2="0">
      <subfield code="a">Aquí esperarle podéis (h. 2)... de los hechos de Pedro Carbonero (h. 56v)</subfield>
    </datafield>
    <datafield tag="529" ind1="0" ind2="0">
      <subfield code="a">¿Tan cerca viene de aquí? (h. 60)... de cuyo ejemplo Francia hasta hoy se alava (h. 105)</subfield>
    </datafield>
    <datafield tag="529" ind1="0" ind2="0">
      <subfield code="a">Yo le tengo de llevar (h. 115v)... Fin.: del primero Benavides (h. 170v)</subfield>
    </datafield>
    <datafield tag="529" ind1="0" ind2="0">
      <subfield code="a">Contento en extremo voy (h. 181)... que lloran castros y andradas (h. 239v)</subfield>
    </datafield>
    <datafield tag="529" ind1="0" ind2="0">
      <subfield code="a">Sancho es rey (h. 306)... del príncipe despeñado (h. 363v)</subfield>
    </datafield>
    <datafield tag="529" ind1="0" ind2="0">
      <subfield code="a">Traednos sillas aquí (h. 368)... a la comedia imperial (h. 423v)</subfield>
    </datafield>
    <datafield tag="529" ind1="0" ind2="0">
      <subfield code="a">Traidor con una mujer (h. 432)... los embustes de Celauro (h. 481v)</subfield>
    </datafield>
    <datafield tag="541">
      <subfield code="c">Donativo</subfield>
      <subfield code="a">Familia González Amezúa</subfield>
      <subfield code="d">1984</subfield>
    </datafield>
    <datafield tag="561">
      <subfield code="a">Casa de Oñate-Monte Alegre-Los Arcos</subfield>
    </datafield>
    <datafield tag="596">
      <subfield code="a">Es copia de Ignacio deGálvez, archivero del duque de Sessa, 1762</subfield>
    </datafield>
    <datafield tag="597">
      <subfield code="a">En blanco las h. 58v, 113v, 179, 242, 304v, 430 y 483r</subfield>
    </datafield>
    <datafield tag="655" ind1="7" ind2="7">
      <subfield code="a">Teatro</subfield>
      <subfield code="2">tgfbne</subfield>
    </datafield>
    <datafield tag="655" ind2="7">
      <subfield code="a">Teatro</subfield>
      <subfield code="z">España</subfield>
      <subfield code="y">S.XVI-XVII</subfield>
    </datafield>
    <datafield tag="700" ind1="1">
      <subfield code="a">Vega, Lope de</subfield>
      <subfield code="d">1562-1635</subfield>
      <subfield code="t">El cordobés valeroso, Pedro Carbonero</subfield>
      <subfield code="0">http://datos.bne.es/resource/XX2219495</subfield>
    </datafield>
    <datafield tag="700" ind1="1">
      <subfield code="a">Vega, Lope de</subfield>
      <subfield code="d">1562-1635</subfield>
      <subfield code="t">El marqués de Mantua</subfield>
      <subfield code="0">http://datos.bne.es/resource/XX4817658</subfield>
    </datafield>
    <datafield tag="700" ind1="1">
      <subfield code="a">Vega, Lope de</subfield>
      <subfield code="d">1562-1635</subfield>
      <subfield code="t">Los Benavides</subfield>
      <subfield code="0">http://datos.bne.es/resource/XX2219324</subfield>
    </datafield>
    <datafield tag="700" ind1="1">
      <subfield code="a">Vega, Lope de</subfield>
      <subfield code="d">1562-1635</subfield>
      <subfield code="t">La desdichada Estefanía</subfield>
      <subfield code="0">http://datos.bne.es/resource/XX3097553</subfield>
    </datafield>
    <datafield tag="700" ind1="1">
      <subfield code="a">Vega, Lope de</subfield>
      <subfield code="d">1562-1635</subfield>
      <subfield code="t">El bastardo Mudarra</subfield>
      <subfield code="0">http://datos.bne.es/resource/XX2901620</subfield>
    </datafield>
    <datafield tag="700" ind1="1">
      <subfield code="a">Vega, Lope de</subfield>
      <subfield code="d">1562-1635</subfield>
      <subfield code="t">El príncipe despeñado</subfield>
      <subfield code="0">http://datos.bne.es/resource/XX2219508</subfield>
    </datafield>
    <datafield tag="700" ind1="1">
      <subfield code="a">Vega, Lope de</subfield>
      <subfield code="d">1562-1635</subfield>
      <subfield code="t">La imperial de Otón</subfield>
      <subfield code="0">http://datos.bne.es/resource/XX4642921</subfield>
    </datafield>
    <datafield tag="700" ind1="1">
      <subfield code="a">Vega, Lope de</subfield>
      <subfield code="d">1562-1635</subfield>
      <subfield code="t">Los embustes de Celauro</subfield>
      <subfield code="0">http://datos.bne.es/resource/XX2219393</subfield>
    </datafield>
    <datafield tag="700" ind1="1">
      <subfield code="a">Gálvez, Ignacio de</subfield>
      <subfield code="d">fl. 1762</subfield>
      <subfield code="e">copista</subfield>
      <subfield code="0">http://datos.bne.es/resource/XX5593571</subfield>
    </datafield>
    <datafield tag="856" ind1="4" ind2="1">
      <subfield code="u">http://bdh-rd.bne.es/viewer.vm?id=0000202599&amp;page=1</subfield>
      <subfield code="y">Biblioteca Digital Hispánica</subfield>
    </datafield>
  </record>