
  <record>
    <leader>04079ctm a2200505 i 4500</leader>
    <controlfield tag="001">a4822471</controlfield>
    <controlfield tag="003">SpMaBN</controlfield>
    <controlfield tag="005">20181113004147.3</controlfield>
    <controlfield tag="008">100913s1762 sp 000 0 spa </controlfield>
    <datafield tag="035">
      <subfield code="a">(OCoLC)740352384</subfield>
    </datafield>
    <datafield tag="040">
      <subfield code="a">SpMaBN</subfield>
      <subfield code="b">spa</subfield>
      <subfield code="c">SpMaBN</subfield>
      <subfield code="e">rdc</subfield>
    </datafield>
    <datafield tag="100" ind1="1">
      <subfield code="a">Vega, Lope de</subfield>
      <subfield code="d">1562-1635</subfield>
      <subfield code="0">http://datos.bne.es/resource/XX1719671</subfield>
    </datafield>
    <datafield tag="245" ind1="1" ind2="0">
      <subfield code="a">Comedias de Lope de Vega</subfield>
      <subfield code="h">[Manuscrito]</subfield>
      <subfield code="n">.Tomo segundo</subfield>
    </datafield>
    <datafield tag="260">
      <subfield code="a">1762</subfield>
    </datafield>
    <datafield tag="300">
      <subfield code="a">477 h.</subfield>
      <subfield code="c">22 x 16 cm</subfield>
    </datafield>
    <datafield tag="500">
      <subfield code="a">V.a. Mss/14708 para La bella malmaridada y Res/134 para El favor agradecido</subfield>
    </datafield>
    <datafield tag="500">
      <subfield code="a">Ex libris de la Casa de Oñate-Monte Alegre-Los Arcos</subfield>
    </datafield>
    <datafield tag="505" ind1="0">
      <subfield code="a">El amor desatinado es historia: comedia. Emp.: A la puerta queda solo (h. 2)... Fin.: del amor desatinado (h. 55). El tirano castigado: comedia. Emp.: La Fabio vuelve en sí (h. 60)... Fin.: del tirano castigado (h. 118v). El ing rato arrepentido: comedia. Emp.: Esta es la casa que dudas (h. 121)... Fin.: donde ella acaba comienza (h. 172). El favor agradecido: comedia famosa. Emp.: Por aquí me suele hablar (h. 177)... Fin.: el favor agradecido (h. 236). El perseguido: comedia n ueva. Emp.: Amor ciego, amor desnudo (h. 241)... Fin.: decid todos: Viva Carlos (h. 302v). La bella malmaridada o La cortesana: comedia. Emp.: Amor loco, amor loco (h. 305)... Fin.: la bella mal maridada (h. 358). El cuerdo loco: comedia. Emp.: Tente, he rmano (h. 363)... Fin.: la historia del cuerdo loco (h. 424). La contienda de García de Paredes y el capitán Juan Urbina: comedia. Emp.: Si por la capa lo habéis (h. 429)... Fin.: si serán de paredes o de Urbina (h. 473v). Índice (h. 477v)</subfield>
    </datafield>
    <datafield tag="510" ind1="4">
      <subfield code="a">González de Amezúa, Agustín, Una colección manuscrita y desconocida de comedias de Lope de Vega Carpio, Madrid, 1945</subfield>
    </datafield>
    <datafield tag="510" ind1="4">
      <subfield code="a">García Lorenzo, Luciano, El figurón: texto y puesta en escena, Madrid, 2007</subfield>
    </datafield>
    <datafield tag="510" ind1="4">
      <subfield code="a">Vega Carpio, Félix Lope de, El amor desatinado, ed. de Justo García Morales, Colección facsimilar de la BNE, Madrid, 1968</subfield>
    </datafield>
    <datafield tag="529" ind1="0" ind2="0">
      <subfield code="a">A la puerta queda solo (h. 2)... del amor desatinado (h. 55)</subfield>
    </datafield>
    <datafield tag="529" ind1="0" ind2="0">
      <subfield code="a">La Fabio vuelve en sí (h. 60)... del tirano castigado (h. 118v)</subfield>
    </datafield>
    <datafield tag="529" ind1="0" ind2="0">
      <subfield code="a">Esta es la casa que dudas (h. 121)... donde ella acaba comienza (h. 172)</subfield>
    </datafield>
    <datafield tag="529" ind1="0" ind2="0">
      <subfield code="a">Por aquí me suele hablar (h. 177)... el favor agradecido (h. 236)</subfield>
    </datafield>
    <datafield tag="529" ind1="0" ind2="0">
      <subfield code="a">Amor ciego, amor desnudo (h. 241)... decid todos: Viva Carlos (h. 302v)</subfield>
    </datafield>
    <datafield tag="529" ind1="0" ind2="0">
      <subfield code="a">Amor loco, amor loco (h. 305)... la bella mal maridada (h. 358)</subfield>
    </datafield>
    <datafield tag="529" ind1="0" ind2="0">
      <subfield code="a">Tente, hermano (h. 363)... la historia del cuerdo loco (h. 424)</subfield>
    </datafield>
    <datafield tag="529" ind1="0" ind2="0">
      <subfield code="a">Si por la capa lo habéis (h. 429)... si serán de paredes o de Urbina (h. 473v)</subfield>
    </datafield>
    <datafield tag="541">
      <subfield code="c">Donativo</subfield>
      <subfield code="a">Familia González Amezúa</subfield>
      <subfield code="d">1984</subfield>
    </datafield>
    <datafield tag="561">
      <subfield code="a">Casa de Oñate-Monte Alegre-Los Arcos</subfield>
    </datafield>
    <datafield tag="596">
      <subfield code="a">Es copia de Ignacio de Gálvez, archivero del duque de Sessa, en 1762</subfield>
    </datafield>
    <datafield tag="597">
      <subfield code="a">En blanco las h. 57v-58, 78v, 100v, 173v, 175v, 199v, 238-239, 359v, 361v, 426v-427 y 477r</subfield>
    </datafield>
    <datafield tag="655" ind1="7" ind2="7">
      <subfield code="a">Teatro</subfield>
      <subfield code="2">tgfbne</subfield>
    </datafield>
    <datafield tag="655" ind2="7">
      <subfield code="a">Teatro</subfield>
      <subfield code="z">España</subfield>
      <subfield code="y">S.XVI-XVII</subfield>
    </datafield>
    <datafield tag="700" ind1="1">
      <subfield code="a">Vega, Lope de</subfield>
      <subfield code="d">1562-1635</subfield>
      <subfield code="t">El amor desatinado</subfield>
      <subfield code="0">http://datos.bne.es/resource/XX2901607</subfield>
    </datafield>
    <datafield tag="700" ind1="1">
      <subfield code="a">Vega, Lope de</subfield>
      <subfield code="d">1562-1635</subfield>
      <subfield code="t">El tirano castigado (comedia)</subfield>
      <subfield code="0">http://datos.bne.es/resource/XX2219538</subfield>
    </datafield>
    <datafield tag="700" ind1="1">
      <subfield code="a">Vega, Lope de</subfield>
      <subfield code="d">1562-1635</subfield>
      <subfield code="t">El ingrato arrepentido</subfield>
      <subfield code="0">http://datos.bne.es/resource/XX2219432</subfield>
    </datafield>
    <datafield tag="700" ind1="1">
      <subfield code="a">Vega, Lope de</subfield>
      <subfield code="d">1562-1635</subfield>
      <subfield code="t">El favor agradecido</subfield>
      <subfield code="0">http://datos.bne.es/resource/XX2219401</subfield>
    </datafield>
    <datafield tag="700" ind1="1">
      <subfield code="a">Vega, Lope de</subfield>
      <subfield code="d">1562-1635</subfield>
      <subfield code="t">Carlos el perseguido</subfield>
      <subfield code="0">http://datos.bne.es/resource/XX2219334</subfield>
    </datafield>
    <datafield tag="700" ind1="1">
      <subfield code="a">Vega, Lope de</subfield>
      <subfield code="d">1562-1635</subfield>
      <subfield code="t">La bella malmaridada</subfield>
      <subfield code="0">http://datos.bne.es/resource/XX2219322</subfield>
    </datafield>
    <datafield tag="700" ind1="1">
      <subfield code="a">Vega, Lope de</subfield>
      <subfield code="d">1562-1635</subfield>
      <subfield code="t">El cuerdo loco</subfield>
      <subfield code="0">http://datos.bne.es/resource/XX2219358</subfield>
    </datafield>
    <datafield tag="700" ind1="1">
      <subfield code="a">Vega, Lope de</subfield>
      <subfield code="d">1562-1635</subfield>
      <subfield code="t">La contienda de García de Paredes y el capitán Juan de Urbina</subfield>
      <subfield code="0">http://datos.bne.es/resource/XX4869278</subfield>
    </datafield>
    <datafield tag="700" ind1="1">
      <subfield code="a">Gálvez, Ignacio de</subfield>
      <subfield code="d">fl. 1762</subfield>
      <subfield code="e">copista</subfield>
      <subfield code="0">http://datos.bne.es/resource/XX5593571</subfield>
    </datafield>
    <datafield tag="856" ind1="4" ind2="1">
      <subfield code="u">http://bdh-rd.bne.es/viewer.vm?id=0000201959&amp;page=1</subfield>
      <subfield code="y">Biblioteca Digital Hispánica</subfield>
    </datafield>
  </record>