
  <record>
    <leader>04014ctm a2200517 i 4500</leader>
    <controlfield tag="001">a4821264</controlfield>
    <controlfield tag="003">SpMaBN</controlfield>
    <controlfield tag="005">20181113004147.3</controlfield>
    <controlfield tag="008">100909s1762 sp 000 0 spa </controlfield>
    <datafield tag="035">
      <subfield code="a">(OCoLC)740352269</subfield>
    </datafield>
    <datafield tag="040">
      <subfield code="a">SpMaBN</subfield>
      <subfield code="b">spa</subfield>
      <subfield code="c">SpMaBN</subfield>
      <subfield code="e">rdc</subfield>
    </datafield>
    <datafield tag="100" ind1="1">
      <subfield code="a">Vega, Lope de</subfield>
      <subfield code="d">1562-1635</subfield>
      <subfield code="0">http://datos.bne.es/resource/XX1719671</subfield>
    </datafield>
    <datafield tag="245" ind1="1" ind2="0">
      <subfield code="a">Comedias de Lope de Vega</subfield>
      <subfield code="h">[Manuscrito]</subfield>
      <subfield code="n">.Tomo tercero</subfield>
    </datafield>
    <datafield tag="260">
      <subfield code="a">1762</subfield>
    </datafield>
    <datafield tag="300">
      <subfield code="a">441 h.</subfield>
      <subfield code="c">22 x 16 cm</subfield>
    </datafield>
    <datafield tag="500">
      <subfield code="a">V.a. Res/168 y Mss/15111 para La prueba de los amigos</subfield>
    </datafield>
    <datafield tag="500">
      <subfield code="a">Ex libris de la Casa de Oñate-Monte Alegre-Los Arcos</subfield>
    </datafield>
    <datafield tag="505" ind1="0">
      <subfield code="a">La varona castellana: comedia. Emp.: Alborotada Castilla (h. 2)... Fin.: la varona castellana (h. 58). El caballero del milagro: comedia. Emp.: ¿Vengo bien puesto, Tristán? (h. 62)... Fin.: el arrogante español (h. 114v). La prueba de los amigos: comedia. Emp.: Téngale Dios en el cielo (h. 118)... Fin.: la prueba de los amigos (h. 176). El remedio en la desdicha: comedia. Emp.: Verdes hermosas plantas (h. 180)... Fin.: el remedio en la desdicha (h. 231). El príncipe inocen te: comedia. Emp.: En fin, ¿es Cleves aquesta? (h. 234)... Fin.: Aquí se acaba El príncipe inocente (h. 277). La francesilla: comedia. Emp.: ¿Eso ha hecho?... Fin.: se acaba la francesilla (h. 329). La viuda, casada y doncella: comedia. Emp.: Todo en efecto soy vuestro (h. 334)... Fin.: Viuda, casada y doncella (h. 389v). El amigo por fuerza. Emp.: Si en medio delmando oscuro (h. 394)... Fin.: se acaba, ilustre señor (h. 438v). Índice (h. 441v)</subfield>
    </datafield>
    <datafield tag="510" ind1="4">
      <subfield code="a">González de Amezúa, Agustín, Una colección manuscrita y desconocida de comedias de Lope de Vega Carpio, Madrid, 1945</subfield>
    </datafield>
    <datafield tag="510" ind1="4">
      <subfield code="a">Vega Carpio, Félix Lope de, El príncipe inocente, ed. de Justo García Morales, Colección facsimilar de la BNE, Madrid, 1964</subfield>
    </datafield>
    <datafield tag="529" ind1="0" ind2="0">
      <subfield code="a">Alborotada Castilla (h. 2)... la barona castellana (h. 58)</subfield>
    </datafield>
    <datafield tag="529" ind1="0" ind2="0">
      <subfield code="a">¿Vengo bien puesto, Tristán? (h. 62)... el arrogante español (h. 114v)</subfield>
    </datafield>
    <datafield tag="529" ind1="0" ind2="0">
      <subfield code="a">TéngaleDios en el cielo (h. 118)... la prueba de los amigos (h. 176)</subfield>
    </datafield>
    <datafield tag="529" ind1="0" ind2="0">
      <subfield code="a">Verdes hermosas plantas (h. 180)... el remedio en la desdicha (h. 231)</subfield>
    </datafield>
    <datafield tag="529" ind1="0" ind2="0">
      <subfield code="a">En fin, ¿es Cleves aquesta? (h. 234)... Aquí se acaba El príncipe inocente (h. 277)</subfield>
    </datafield>
    <datafield tag="529" ind1="0" ind2="0">
      <subfield code="a">¿Eso ha hecho?... se acaba la francesilla (h. 329)</subfield>
    </datafield>
    <datafield tag="529" ind1="0" ind2="0">
      <subfield code="a">Todo en efecto soy vuestro (h. 334)... Viuda, casada y doncella (h. 389v)</subfield>
    </datafield>
    <datafield tag="529" ind1="0" ind2="0">
      <subfield code="a">Si en medio del mando oscuro (h. 394)... se acaba, ilustre señor (h. 438v)</subfield>
    </datafield>
    <datafield tag="541">
      <subfield code="c">Donativo</subfield>
      <subfield code="a">Familia González Amezúa</subfield>
      <subfield code="d">1984</subfield>
    </datafield>
    <datafield tag="546">
      <subfield code="a">Letra de distintas manos</subfield>
    </datafield>
    <datafield tag="561">
      <subfield code="a"> Casa de Oñate-Monte Alegre-Los Arcos</subfield>
    </datafield>
    <datafield tag="596">
      <subfield code="a">Es copia de Ignacio de Gálvez, archivero del duque de Sessa, 1762</subfield>
    </datafield>
    <datafield tag="597">
      <subfield code="a">En blanco las h. 60v, 116v, 178v, 232v, 278v, 332v, 392v, 408, 424v y 441r</subfield>
    </datafield>
    <datafield tag="655" ind1="7" ind2="7">
      <subfield code="a">Teatro</subfield>
      <subfield code="2">tgfbne</subfield>
    </datafield>
    <datafield tag="655" ind2="7">
      <subfield code="a">Teatro</subfield>
      <subfield code="z">España</subfield>
      <subfield code="y">S.XVI-XVII</subfield>
    </datafield>
    <datafield tag="700" ind1="1">
      <subfield code="a">Vega, Lope de</subfield>
      <subfield code="d">1562-1635</subfield>
      <subfield code="t">La varona castellana</subfield>
      <subfield code="0">http://datos.bne.es/resource/XX4796804</subfield>
    </datafield>
    <datafield tag="700" ind1="1">
      <subfield code="a">Vega, Lope de</subfield>
      <subfield code="d">1562-1635</subfield>
      <subfield code="t">El caballero del milagro</subfield>
      <subfield code="0">http://datos.bne.es/resource/XX2219341</subfield>
    </datafield>
    <datafield tag="700" ind1="1">
      <subfield code="a">Vega, Lope de</subfield>
      <subfield code="d">1562-1635</subfield>
      <subfield code="t">La prueba de los amigos</subfield>
      <subfield code="0">http://datos.bne.es/resource/XX2901981</subfield>
    </datafield>
    <datafield tag="700" ind1="1">
      <subfield code="a">Vega, Lope de</subfield>
      <subfield code="d">1562-1635</subfield>
      <subfield code="t">El remedio en la desdicha</subfield>
      <subfield code="0">http://datos.bne.es/resource/XX2219512</subfield>
    </datafield>
    <datafield tag="700" ind1="1">
      <subfield code="a">Vega, Lope de</subfield>
      <subfield code="d">1562-1635</subfield>
      <subfield code="t">El príncipe inocente</subfield>
      <subfield code="0">http://datos.bne.es/resource/XX2901979</subfield>
    </datafield>
    <datafield tag="700" ind1="1">
      <subfield code="a">Vega, Lope de</subfield>
      <subfield code="d">1562-1635</subfield>
      <subfield code="t">La francesilla</subfield>
      <subfield code="0">http://datos.bne.es/resource/XX2901663</subfield>
    </datafield>
    <datafield tag="700" ind1="1">
      <subfield code="a">Vega, Lope de</subfield>
      <subfield code="d">1562-1635</subfield>
      <subfield code="t">La viuda, casada y doncella</subfield>
      <subfield code="0">http://datos.bne.es/resource/XX2219562</subfield>
    </datafield>
    <datafield tag="700" ind1="1">
      <subfield code="a">Vega, Lope de</subfield>
      <subfield code="d">1562-1635</subfield>
      <subfield code="t">El amigo por fuerza</subfield>
      <subfield code="0">http://datos.bne.es/resource/XX2219308</subfield>
    </datafield>
    <datafield tag="700" ind1="1">
      <subfield code="a">Gálvez, Ignacio de</subfield>
      <subfield code="d">fl. 1762</subfield>
      <subfield code="e">copista</subfield>
      <subfield code="0">http://datos.bne.es/resource/XX5593571</subfield>
    </datafield>
    <datafield tag="775" ind1="0" ind2="8">
      <subfield code="i">Reproducción facsímil: </subfield>
      <subfield code="t">El príncipe inocente</subfield>
      <subfield code="x">wbimo0001552983</subfield>
    </datafield>
    <datafield tag="856" ind1="4" ind2="1">
      <subfield code="u">http://bdh-rd.bne.es/viewer.vm?id=0000202597&amp;page=1</subfield>
      <subfield code="y">Biblioteca Digital Hispánica</subfield>
    </datafield>
  </record>