
  <record>
    <leader>01786ctm a2200325 4500</leader>
    <controlfield tag="001">a4616157</controlfield>
    <controlfield tag="003">SpMaBN</controlfield>
    <controlfield tag="005">20181113004140.3</controlfield>
    <controlfield tag="008">091016q18011900sp 000 0 spa/ </controlfield>
    <datafield tag="035">
      <subfield code="a">(OCoLC)740336897</subfield>
    </datafield>
    <datafield tag="040">
      <subfield code="a">SpMaBN</subfield>
      <subfield code="b">spa</subfield>
      <subfield code="c">SpMaBN</subfield>
      <subfield code="e">rdc</subfield>
    </datafield>
    <datafield tag="100" ind1="1">
      <subfield code="a">Vega, Lope de</subfield>
      <subfield code="d">1562-1635</subfield>
    </datafield>
    <datafield tag="245" ind1="1" ind2="0">
      <subfield code="a">Comedias varias</subfield>
      <subfield code="h">[Manuscrito]</subfield>
      <subfield code="c">Lope de Vega</subfield>
    </datafield>
    <datafield tag="260">
      <subfield code="a">S.XIX</subfield>
    </datafield>
    <datafield tag="300">
      <subfield code="a">192 h.</subfield>
      <subfield code="c">21 x 16 cm.</subfield>
    </datafield>
    <datafield tag="500">
      <subfield code="a">V.a. Mss/16048,Mss/16037 y Mss/16024</subfield>
    </datafield>
    <datafield tag="505" ind1="0">
      <subfield code="a">El maestro de danzar. Emp.: A desnudarme comienza (h. 2)... Fin.: el maestro de danzar (h. 78v). Los hechos de Garcilaso de la Vega y moro Tarfe. Emp.: ¿Viste, Leocán dichoso, aquella estrella (h. 80)... Fin.: dulce fin a nuest ra historia (h. 123). El esclavo fingido. Emp.: Deja el llanto y suspirar (h. 125)... Fin.: da con aquesto fin nuestra comedia (h. 192v)</subfield>
    </datafield>
    <datafield tag="510" ind1="4">
      <subfield code="a">Paz, Teatro (2ª ed.)</subfield>
      <subfield code="c">n. 2150, 1629 y 1295</subfield>
    </datafield>
    <datafield tag="510" ind1="4">
      <subfield code="a">Barrera y Leirado, Cayetano Alberto de la, Catálogo bibliográfico y biográfico del teatro antiguo español, Madrid, 1969</subfield>
      <subfield code="c">p. 434</subfield>
    </datafield>
    <datafield tag="529" ind1="0" ind2="0">
      <subfield code="a">A desnudarme comienza (h. 2)... el maestro de danzar (h. 78v)</subfield>
    </datafield>
    <datafield tag="529" ind1="0" ind2="0">
      <subfield code="a">¿Viste, Leocán dichoso, aquella estrella (h. 80)... dulce fin a nuestra historia (h. 123)</subfield>
    </datafield>
    <datafield tag="529" ind1="0" ind2="0">
      <subfield code="a">Deja el llanto y suspirar (h. 125)... da con aquesto fin nuestra comedia (h. 192v)</subfield>
    </datafield>
    <datafield tag="596">
      <subfield code="a">Escrita en 1853, según La Barrera</subfield>
    </datafield>
    <datafield tag="597">
      <subfield code="a">En blanco la h. 123v</subfield>
    </datafield>
    <datafield tag="655" ind1="7" ind2="7">
      <subfield code="a">Teatro</subfield>
      <subfield code="2">tgfbne</subfield>
    </datafield>
    <datafield tag="655" ind2="7">
      <subfield code="a">Teatro</subfield>
      <subfield code="z">España</subfield>
      <subfield code="y">S.XVI-XVII</subfield>
    </datafield>
    <datafield tag="700" ind1="1">
      <subfield code="a">Vega, Lope de</subfield>
      <subfield code="d">1562-1635</subfield>
      <subfield code="t">El maestro de danzar</subfield>
    </datafield>
    <datafield tag="700" ind1="1">
      <subfield code="a">Vega, Lope de</subfield>
      <subfield code="d">1562-1635</subfield>
      <subfield code="t">Los hechos de Garcilaso de la Vega y moro Tarfe</subfield>
    </datafield>
    <datafield tag="700" ind1="1">
      <subfield code="a">Vega, Lope de</subfield>
      <subfield code="d">1562-1635</subfield>
      <subfield code="t">El esclavo fingido</subfield>
    </datafield>
    <datafield tag="856" ind1="4" ind2="1">
      <subfield code="u">http://bdh-rd.bne.es/viewer.vm?id=0000214248&amp;page=1</subfield>
      <subfield code="y">Biblioteca Digital Hispánica</subfield>
    </datafield>
  </record>