
  <record>
    <leader>01545ctm a2200301 4500</leader>
    <controlfield tag="001">a4684256</controlfield>
    <controlfield tag="003">SpMaBN</controlfield>
    <controlfield tag="005">20181113004144.3</controlfield>
    <controlfield tag="008">100217q16011700sp 000 0 spa/ </controlfield>
    <datafield tag="035">
      <subfield code="a">(OCoLC)740342343</subfield>
    </datafield>
    <datafield tag="040">
      <subfield code="a">SpMaBN</subfield>
      <subfield code="b">spa</subfield>
      <subfield code="c">SpMaBN</subfield>
      <subfield code="e">rdc</subfield>
    </datafield>
    <datafield tag="100" ind1="1">
      <subfield code="a">Vega, Lope de</subfield>
      <subfield code="d">1562-1635</subfield>
    </datafield>
    <datafield tag="245" ind1="1" ind2="3">
      <subfield code="a">La contienda de García de Paredes y el capitán Juan de Urbina</subfield>
      <subfield code="h">[Manuscrito] :</subfield>
      <subfield code="b">Emp.: Si por la capa lo habéis (h. 2v)... Fin.: Ay, mi victoria divina (h. 37v)</subfield>
      <subfield code="c">[de Lope de Vega Carpio]</subfield>
    </datafield>
    <datafield tag="260">
      <subfield code="a">S.XVII</subfield>
    </datafield>
    <datafield tag="300">
      <subfield code="a">37 h.</subfield>
      <subfield code="c">23 x 17 cm.</subfield>
    </datafield>
    <datafield tag="500">
      <subfield code="a">Sello de Agustín Durán</subfield>
    </datafield>
    <datafield tag="500">
      <subfield code="a">Incompleta, falta la tercera jornada</subfield>
    </datafield>
    <datafield tag="500">
      <subfield code="a">V.a. Mss/14833</subfield>
    </datafield>
    <datafield tag="510" ind1="4">
      <subfield code="a">Paz, Teatro, Suplemento</subfield>
      <subfield code="c">n. 10331</subfield>
    </datafield>
    <datafield tag="510" ind1="4">
      <subfield code="a">Inventario de la Librería que fue del Excmo. Sr. D. Agustín Durán, comprada por el Gobierno de S.M. con destino a la Biblioteca Nacional, en virtud de Real Orden fecha en 27 de junio de 1863, en Memoria remitida al Excmo. Sr. Ministro de Fomento..., por el Director de la Biblioteca Nacional, Madrid, 1865, p. 111</subfield>
    </datafield>
    <datafield tag="529" ind1="0" ind2="0">
      <subfield code="a">Si por la capa lo habéis (h. 2v)... Ay, mi victoria divina (h. 37v)</subfield>
    </datafield>
    <datafield tag="561">
      <subfield code="a">Agustín Durán</subfield>
    </datafield>
    <datafield tag="593">
      <subfield code="a">Autor tomado del citado Mss.</subfield>
    </datafield>
    <datafield tag="597">
      <subfield code="a">Numerosas h. restauradas</subfield>
    </datafield>
    <datafield tag="655" ind1="7" ind2="7">
      <subfield code="a">Teatro</subfield>
      <subfield code="2">tgfbne</subfield>
    </datafield>
    <datafield tag="655" ind2="7">
      <subfield code="a">Teatro</subfield>
      <subfield code="z">España</subfield>
      <subfield code="y">S.XVI-XVII</subfield>
    </datafield>
    <datafield tag="856" ind1="4" ind2="1">
      <subfield code="u">http://bdh-rd.bne.es/viewer.vm?id=0000208358&amp;page=1</subfield>
      <subfield code="y">Biblioteca Digital Hispánica</subfield>
    </datafield>
    <datafield tag="856" ind1="4" ind2="1">
      <subfield code="u">http://manos.net/manuscripts/bne/16-061-contienda-la-de-garcia-de-paredes-y-el-capitan-juan-de-urbina</subfield>
      <subfield code="y">Manos teatrales</subfield>
    </datafield>
  </record>