
  <record>
    <leader>01340ntm a2200289 4500</leader>
    <controlfield tag="001">Miam0000010437</controlfield>
    <controlfield tag="003">SpMaBN</controlfield>
    <controlfield tag="005">20181113004131.3</controlfield>
    <controlfield tag="008">060510s1603 </controlfield>
    <datafield tag="016" ind1="7">
      <subfield code="a">biamBNE20060006691</subfield>
      <subfield code="2">SpMaBN</subfield>
    </datafield>
    <datafield tag="035">
      <subfield code="a">(OCoLC)430987496</subfield>
    </datafield>
    <datafield tag="040">
      <subfield code="a">SpMaBN</subfield>
      <subfield code="b">spa</subfield>
      <subfield code="c">SpMaBN</subfield>
      <subfield code="e">rdc</subfield>
    </datafield>
    <datafield tag="100" ind1="1">
      <subfield code="a">Vega, Lope de</subfield>
      <subfield code="d">1562-1635</subfield>
      <subfield code="0">http://datos.bne.es/resource/XX1719671</subfield>
    </datafield>
    <datafield tag="240" ind1="1" ind2="3">
      <subfield code="a">El cordobés valeroso, Pedro Carbonero</subfield>
    </datafield>
    <datafield tag="245" ind1="1" ind2="3">
      <subfield code="a">El cordobés valeroso, Pedro Carbonero</subfield>
      <subfield code="h">[Manuscrito]</subfield>
      <subfield code="b"> : tragicomedia. Emp.: Aquí esperarle podéis (h. 6)... Fin.: de los hechos de Pedro Carbonero (h. 61v)</subfield>
    </datafield>
    <datafield tag="260">
      <subfield code="a">1603</subfield>
    </datafield>
    <datafield tag="300">
      <subfield code="a">63 h.</subfield>
      <subfield code="c">21 x 15 cm.</subfield>
    </datafield>
    <datafield tag="500">
      <subfield code="a">Autógrafo con correcciones y firma</subfield>
    </datafield>
    <datafield tag="510" ind1="4">
      <subfield code="a">Paz, Teatro (2ª ed.)</subfield>
      <subfield code="c">n. 800</subfield>
    </datafield>
    <datafield tag="581">
      <subfield code="a">de José F. Montesinos, en Teatro Antiguo Español, 1929</subfield>
    </datafield>
    <datafield tag="596">
      <subfield code="a">Al final: En Ocaña, a 26 de agosto de 1603</subfield>
    </datafield>
    <datafield tag="596">
      <subfield code="a">Licencias de representación en 1603; Valladolid, 1604 y 1610; Lisboa, 1617; otras licencias incompletas pordeterioro</subfield>
    </datafield>
    <datafield tag="597">
      <subfield code="a">Restaurado y con pérdida de texto</subfield>
    </datafield>
    <datafield tag="655" ind2="7">
      <subfield code="a">Teatro</subfield>
      <subfield code="2">tgfbne</subfield>
    </datafield>
    <datafield tag="655" ind2="7">
      <subfield code="a">Teatro</subfield>
      <subfield code="z">España</subfield>
      <subfield code="y">S.XVI-XVII</subfield>
    </datafield>
    <datafield tag="856" ind1="4" ind2="1">
      <subfield code="u">http://bdh-rd.bne.es/viewer.vm?id=0000099776&amp;page=1</subfield>
      <subfield code="y">Biblioteca Digital Hispánica</subfield>
    </datafield>
    <datafield tag="856" ind1="4" ind2="1">
      <subfield code="u">http://manos.net/manuscripts/bne/res-166-pedro-carbonero-el-cordobes-valeroso</subfield>
      <subfield code="y">Manos teatrales</subfield>
    </datafield>
  </record>