
  <record>
    <leader>01249ntm a2200277 4500</leader>
    <controlfield tag="001">Miam0000010411</controlfield>
    <controlfield tag="003">SpMaBN</controlfield>
    <controlfield tag="005">20181113004131.3</controlfield>
    <controlfield tag="008">060508q16011700 </controlfield>
    <datafield tag="016" ind1="7">
      <subfield code="a">biamBNE20060006433</subfield>
      <subfield code="2">SpMaBN</subfield>
    </datafield>
    <datafield tag="035">
      <subfield code="a">(OCoLC)430987480</subfield>
    </datafield>
    <datafield tag="040">
      <subfield code="a">SpMaBN</subfield>
      <subfield code="b">spa</subfield>
      <subfield code="c">SpMaBN</subfield>
      <subfield code="e">rdc</subfield>
    </datafield>
    <datafield tag="100" ind1="1">
      <subfield code="a">Vega, Lope de</subfield>
      <subfield code="d">1562-1635</subfield>
      <subfield code="0">http://datos.bne.es/resource/XX1719671</subfield>
    </datafield>
    <datafield tag="240" ind1="1" ind2="3">
      <subfield code="a">La corona merecida</subfield>
    </datafield>
    <datafield tag="245" ind1="1" ind2="3">
      <subfield code="a">La corona merecida</subfield>
      <subfield code="h">[Manuscrito]</subfield>
      <subfield code="b"> : comedia. Emp.: Qué nuevas hay de mi esposa (h. 5)... Fin.: toma, Sol, aquel lugar (h. 57v)</subfield>
    </datafield>
    <datafield tag="260">
      <subfield code="a">S.XVII</subfield>
    </datafield>
    <datafield tag="300">
      <subfield code="a">57 h.</subfield>
      <subfield code="c">21 x 15 cm.</subfield>
    </datafield>
    <datafield tag="500">
      <subfield code="a">Autógrafo con correcciones</subfield>
    </datafield>
    <datafield tag="510" ind1="4">
      <subfield code="a">Paz, Teatro (2ª ed.)</subfield>
      <subfield code="c">n. 804</subfield>
    </datafield>
    <datafield tag="561">
      <subfield code="a">Salustiano de Olózaga</subfield>
    </datafield>
    <datafield tag="596">
      <subfield code="a">En h. 1-3 licencias de representación de "El príncipe despechado", que pertenecen al ejemplar de la Real Academia Española; fechadas en distintas ciudades españolas, entre 1607-1611</subfield>
    </datafield>
    <datafield tag="597">
      <subfield code="a">Restaurado; algunas h. con pérdida de texto</subfield>
    </datafield>
    <datafield tag="655" ind2="7">
      <subfield code="a">Teatro</subfield>
      <subfield code="2">tgfbne</subfield>
    </datafield>
    <datafield tag="655" ind2="7">
      <subfield code="a">Teatro</subfield>
      <subfield code="z">España</subfield>
      <subfield code="y">S.XVI-XVII</subfield>
    </datafield>
    <datafield tag="856" ind1="4" ind2="1">
      <subfield code="u">http://bdh-rd.bne.es/viewer.vm?id=0000100336&amp;page=1</subfield>
      <subfield code="y">Biblioteca Digital Hispánica</subfield>
    </datafield>
    <datafield tag="856" ind1="4" ind2="1">
      <subfield code="u">http://manos.net/manuscripts/bne/res-156-corona-la-merecida</subfield>
      <subfield code="y">Manos teatrales</subfield>
    </datafield>
  </record>