
  <record>
    <leader>01862ntm a2200361 4500</leader>
    <controlfield tag="001">Miam0000009656</controlfield>
    <controlfield tag="003">SpMaBN</controlfield>
    <controlfield tag="005">20181117134405.7</controlfield>
    <controlfield tag="008">051108s1613 </controlfield>
    <datafield tag="016" ind1="7">
      <subfield code="a">biamBNE20050016591</subfield>
      <subfield code="2">SpMaBN</subfield>
    </datafield>
    <datafield tag="035">
      <subfield code="a">(OCoLC)430985835</subfield>
    </datafield>
    <datafield tag="040">
      <subfield code="a">SpMaBN</subfield>
      <subfield code="b">spa</subfield>
      <subfield code="c">SpMaBN</subfield>
      <subfield code="e">rdc</subfield>
    </datafield>
    <datafield tag="100" ind1="1">
      <subfield code="a">Vega, Lope de</subfield>
      <subfield code="d">1562-1635</subfield>
      <subfield code="0">http://datos.bne.es/resource/XX1719671</subfield>
    </datafield>
    <datafield tag="240" ind1="1" ind2="3">
      <subfield code="a">La dama boba</subfield>
    </datafield>
    <datafield tag="245" ind1="1" ind2="3">
      <subfield code="a">La dama boba</subfield>
      <subfield code="h">[Manuscrito]</subfield>
      <subfield code="b"> : comedia: Emp.: Que lindas posadas!... Fin: da fin la comedia boba</subfield>
    </datafield>
    <datafield tag="260">
      <subfield code="a">1613</subfield>
    </datafield>
    <datafield tag="300">
      <subfield code="a">120 p.</subfield>
      <subfield code="c">22 x 16 cm</subfield>
    </datafield>
    <datafield tag="336">
      <subfield code="a">Texto (visual)</subfield>
      <subfield code="2">isbdcontent</subfield>
    </datafield>
    <datafield tag="337">
      <subfield code="a">sin mediación</subfield>
      <subfield code="2">isbdmedia</subfield>
    </datafield>
    <datafield tag="500">
      <subfield code="a">Autógrafo con firma</subfield>
    </datafield>
    <datafield tag="510" ind1="4">
      <subfield code="a">Paz, Teatro (2ª ed.)</subfield>
      <subfield code="c">I, p. 137, n. 906</subfield>
    </datafield>
    <datafield tag="510" ind1="4">
      <subfield code="a">Paz y Meliá, A., El águila del agua de Luis Vélez de Guevara, en RABM, X (1904)</subfield>
      <subfield code="c">p. 180-181</subfield>
    </datafield>
    <datafield tag="510" ind1="4">
      <subfield code="a">Tesoros de España : diez siglos de libros españoles. Catálogo. Madrid, 1986</subfield>
    </datafield>
    <datafield tag="510" ind1="4">
      <subfield code="a">III Congreso Internacional de Bibliofilia. Catálogo de la Exposición bibliográfica. Barcelona-Madrid, 1963</subfield>
    </datafield>
    <datafield tag="510" ind1="4">
      <subfield code="a">IV Centenario de Os Lusiadas de Camôes, 1572-1972. Exposición bibliográfica e iconográfica. Madrid, 1972</subfield>
    </datafield>
    <datafield tag="594">
      <subfield code="a">Censura de Tomás Gracián Dantisco, en Madrid a 27 de 0ctubre de 1613, y licencia para representarla, en Madrid a 30 de octubre de 1613</subfield>
    </datafield>
    <datafield tag="596">
      <subfield code="a">En la portada: Comedia de este año de 1613. Al final: En Madrid a 28 de abril de 1613</subfield>
    </datafield>
    <datafield tag="597">
      <subfield code="a">En blanco las pp. 2, 40, 42, 44, 77-80, 82, 84</subfield>
    </datafield>
    <datafield tag="655" ind2="7">
      <subfield code="a">Manuscritos</subfield>
      <subfield code="2">tgfbne</subfield>
    </datafield>
    <datafield tag="655" ind2="7">
      <subfield code="a">Teatro</subfield>
      <subfield code="z">España</subfield>
      <subfield code="y">S.XVI-XVII</subfield>
      <subfield code="2">tgfbne</subfield>
    </datafield>
    <datafield tag="700" ind1="1" ind2="2">
      <subfield code="a">Gracián Dantisco, Tomás</subfield>
      <subfield code="0">http://datos.bne.es/resource/XX956921</subfield>
    </datafield>
    <datafield tag="856" ind1="4" ind2="1">
      <subfield code="u">http://bdh-rd.bne.es/viewer.vm?id=0000051826&amp;page=1</subfield>
      <subfield code="y">Biblioteca Digital Hispánica</subfield>
    </datafield>
    <datafield tag="856" ind1="4" ind2="1">
      <subfield code="u">http://manos.net/manuscripts/bne/vitr-7-5-dama-la-boba</subfield>
      <subfield code="y">Manos teatrales</subfield>
    </datafield>
  </record>