
  <record>
    <leader>01234ntm a2200265 4500</leader>
    <controlfield tag="001">Miam0000010196</controlfield>
    <controlfield tag="003">SpMaBN</controlfield>
    <controlfield tag="005">20181117133151.7</controlfield>
    <controlfield tag="008">060405s1627 </controlfield>
    <datafield tag="016" ind1="7">
      <subfield code="a">biamBNE20060004284</subfield>
      <subfield code="2">SpMaBN</subfield>
    </datafield>
    <datafield tag="035">
      <subfield code="a">(OCoLC)430987068</subfield>
    </datafield>
    <datafield tag="040">
      <subfield code="a">SpMaBN</subfield>
      <subfield code="b">spa</subfield>
      <subfield code="c">SpMaBN</subfield>
      <subfield code="e">rdc</subfield>
    </datafield>
    <datafield tag="100" ind1="1">
      <subfield code="a">Vega, Lope de</subfield>
      <subfield code="d">1562-1635</subfield>
      <subfield code="0">http://datos.bne.es/resource/XX1719671</subfield>
    </datafield>
    <datafield tag="245" ind1="1" ind2="0">
      <subfield code="a">Del monte sale quien el monte quema</subfield>
      <subfield code="h">[Manuscrito]</subfield>
      <subfield code="b"> : comedia. Emp.: Aquí cantad (h. 5)... Fin.: tan ilustre Reina a Francia (h. 65)</subfield>
    </datafield>
    <datafield tag="260" ind2="">
      <subfield code="a">1627</subfield>
    </datafield>
    <datafield tag="300">
      <subfield code="a">65 h.</subfield>
      <subfield code="c">22 x 15 cm.</subfield>
    </datafield>
    <datafield tag="500">
      <subfield code="a">Autógrafo con correcciones y firma</subfield>
    </datafield>
    <datafield tag="500">
      <subfield code="a">V.a. Mss/16786</subfield>
    </datafield>
    <datafield tag="510" ind1="4">
      <subfield code="a">Paz, Teatro (2ª ed.)</subfield>
      <subfield code="c">n. 958</subfield>
    </datafield>
    <datafield tag="561">
      <subfield code="a">Duque de Osuna e Infantado</subfield>
    </datafield>
    <datafield tag="596">
      <subfield code="a">Al final: En Madrid a 20 de octubre de 1627. Licencias de representación de Pedro de Vargas Machuca. Madrid, 17 mayo 1628; de Garcés. Valencia, 28 sept. 1628; y Dr. Vela. Granada, 1 octubre 1636</subfield>
    </datafield>
    <datafield tag="655" ind2="7">
      <subfield code="a">Teatro</subfield>
      <subfield code="2">tgfbne</subfield>
    </datafield>
    <datafield tag="655" ind2="7">
      <subfield code="a">Teatro</subfield>
      <subfield code="z">España</subfield>
      <subfield code="y">S.XVI-XVII</subfield>
      <subfield code="2">tgfbne</subfield>
    </datafield>
    <datafield tag="856" ind1="4" ind2="1">
      <subfield code="u">http://bdh-rd.bne.es/viewer.vm?id=0000100645&amp;page=1</subfield>
      <subfield code="y">Biblioteca Digital Hispánica</subfield>
    </datafield>
    <datafield tag="856" ind1="4" ind2="1">
      <subfield code="u">http://manos.net/manuscripts/bne/res-94-del-monte-sale-quien-el-monte-quema</subfield>
      <subfield code="y">Manos teatrales</subfield>
    </datafield>
  </record>