
  <record>
    <leader>01192ctm a2200277 4500</leader>
    <controlfield tag="001">a4747166</controlfield>
    <controlfield tag="003">SpMaBN</controlfield>
    <controlfield tag="005">20181113004145.3</controlfield>
    <controlfield tag="008">100510q17011800sp 000 0 spa/ </controlfield>
    <datafield tag="035">
      <subfield code="a">(OCoLC)740346278</subfield>
    </datafield>
    <datafield tag="040" ind1="">
      <subfield code="a">SpMaBN</subfield>
      <subfield code="b">spa</subfield>
      <subfield code="c">SpMaBN</subfield>
      <subfield code="e">rdc</subfield>
    </datafield>
    <datafield tag="100" ind1="1">
      <subfield code="a">Vega, Lope de</subfield>
      <subfield code="d">1562-1635</subfield>
    </datafield>
    <datafield tag="245" ind1="1" ind2="0">
      <subfield code="a">Del monte sale quien el monte quema</subfield>
      <subfield code="h">[Manuscrito] :</subfield>
      <subfield code="b">comedia en tres jornadas. Emp.: Aquí, cantad (h. 3)... Fin.: tan ilustre reina a Francia (h. 73v)</subfield>
      <subfield code="c">de Lope de Vega Carpio</subfield>
    </datafield>
    <datafield tag="260">
      <subfield code="a">S.XVIII</subfield>
    </datafield>
    <datafield tag="300">
      <subfield code="a">74 h.</subfield>
      <subfield code="c">22 x 16 cm.</subfield>
    </datafield>
    <datafield tag="500">
      <subfield code="a">V.a. Res/94</subfield>
    </datafield>
    <datafield tag="510" ind1="4">
      <subfield code="a">Paz, Teatro (2ª ed.)</subfield>
      <subfield code="c">n. 958</subfield>
    </datafield>
    <datafield tag="510" ind1="4">
      <subfield code="a">Rocamora, Osuna</subfield>
      <subfield code="c">n. 461</subfield>
    </datafield>
    <datafield tag="510" ind1="4">
      <subfield code="a">Pérez y Pérez, María Cruz, Bibliografía del teatro de Lope de Vega, Madrid, 1973</subfield>
      <subfield code="c">n. 70</subfield>
    </datafield>
    <datafield tag="529" ind1="0" ind2="0">
      <subfield code="a">Aquí, cantad (h. 3)... tan ilustre reina a Francia (h. 73v)</subfield>
    </datafield>
    <datafield tag="561">
      <subfield code="a">Duque de Osuna e Infantado</subfield>
    </datafield>
    <datafield tag="596">
      <subfield code="a">Copia del original fechado en Madrid, el 20 de octubre de 1627</subfield>
    </datafield>
    <datafield tag="597">
      <subfield code="a">En blanco las h. 2v y 28v; y una h. sin foliar entre las h. 51-52</subfield>
    </datafield>
    <datafield tag="655" ind1="7" ind2="7">
      <subfield code="a">Teatro</subfield>
      <subfield code="2">tgfbne</subfield>
    </datafield>
    <datafield tag="655" ind2="7">
      <subfield code="a">Teatro</subfield>
      <subfield code="z">España</subfield>
      <subfield code="y">S.XVI-XVII</subfield>
    </datafield>
    <datafield tag="856" ind1="4" ind2="1">
      <subfield code="u">http://bdh-rd.bne.es/viewer.vm?id=0000217288&amp;page=1</subfield>
      <subfield code="y">Biblioteca Digital Hispánica</subfield>
    </datafield>
  </record>