
  <record>
    <leader>01274ctm a2200289 4500</leader>
    <controlfield tag="001">a4522828</controlfield>
    <controlfield tag="003">SpMaBN</controlfield>
    <controlfield tag="005">20181113004139.3</controlfield>
    <controlfield tag="008">090511q1821 sp 000 0 spa/ </controlfield>
    <datafield tag="035">
      <subfield code="a">(OCoLC)740328130</subfield>
    </datafield>
    <datafield tag="040">
      <subfield code="a">SpMaBN</subfield>
      <subfield code="b">spa</subfield>
      <subfield code="c">SpMaBN</subfield>
      <subfield code="e">rdc</subfield>
    </datafield>
    <datafield tag="100" ind1="1">
      <subfield code="a">Vega, Lope de</subfield>
      <subfield code="d">1562-1635</subfield>
      <subfield code="0">http://datos.bne.es/resource/XX1719671</subfield>
    </datafield>
    <datafield tag="240" ind1="1" ind2="0">
      <subfield code="a">De cosario a cosario</subfield>
    </datafield>
    <datafield tag="245" ind1="1" ind2="0">
      <subfield code="a">De corsario a corsario</subfield>
      <subfield code="h">[Manuscrito] :</subfield>
      <subfield code="b">comedia en tres actos; atajada para la representación. Emp.: ¿Con ese desdén te vas? (h. 2)... Fin.: para este humilde corsario (h. 90)</subfield>
      <subfield code="c">de Lope de Vega</subfield>
    </datafield>
    <datafield tag="260">
      <subfield code="a">[ca. 1821]</subfield>
    </datafield>
    <datafield tag="300">
      <subfield code="a">I, 90 h.</subfield>
      <subfield code="c">22 x 17 cm.</subfield>
    </datafield>
    <datafield tag="500">
      <subfield code="a">Texto con correcciones</subfield>
    </datafield>
    <datafield tag="500">
      <subfield code="a">En portada: Propia de Juan Carretero</subfield>
    </datafield>
    <datafield tag="510" ind1="4">
      <subfield code="a">Paz, Teatro (2ª ed.)</subfield>
      <subfield code="c">n. 929</subfield>
    </datafield>
    <datafield tag="529" ind1="0" ind2="0">
      <subfield code="a">¿Con ese desdén te vas? (h. 2)... para este humilde corsario (h. 90)</subfield>
    </datafield>
    <datafield tag="594">
      <subfield code="a">El título que figura en los tres actos del manuscrito es: De corsario a corsario</subfield>
    </datafield>
    <datafield tag="596">
      <subfield code="a">Las correcciones en la h. 89, escritas en papel sellado de 1821</subfield>
    </datafield>
    <datafield tag="597">
      <subfield code="a">En blanco las h. 32 y 61-62</subfield>
    </datafield>
    <datafield tag="597">
      <subfield code="a">Sin texto la h. 34v</subfield>
    </datafield>
    <datafield tag="655" ind1="7" ind2="7">
      <subfield code="a">Teatro</subfield>
      <subfield code="2">tgfbne</subfield>
    </datafield>
    <datafield tag="655" ind2="7">
      <subfield code="a">Teatro</subfield>
      <subfield code="z">España</subfield>
      <subfield code="y">S.XVI-XVII</subfield>
    </datafield>
    <datafield tag="856" ind1="4" ind2="1">
      <subfield code="u">http://bdh-rd.bne.es/viewer.vm?id=0000199991&amp;page=1</subfield>
      <subfield code="y">Biblioteca Digital Hispánica</subfield>
    </datafield>
  </record>