
  <record>
    <leader>01600ntm a2200313 4500</leader>
    <controlfield tag="001">Miam0000010209</controlfield>
    <controlfield tag="003">SpMaBN</controlfield>
    <controlfield tag="005">20181113004131.3</controlfield>
    <controlfield tag="008">060406q16011700 </controlfield>
    <datafield tag="016" ind1="7">
      <subfield code="a">biamBNE20060004419</subfield>
      <subfield code="2">SpMaBN</subfield>
    </datafield>
    <datafield tag="035">
      <subfield code="a">(OCoLC)430987087</subfield>
    </datafield>
    <datafield tag="040">
      <subfield code="a">SpMaBN</subfield>
      <subfield code="b">spa</subfield>
      <subfield code="c">SpMaBN</subfield>
      <subfield code="e">rdc</subfield>
    </datafield>
    <datafield tag="100" ind1="1">
      <subfield code="a">Vega, Lope de</subfield>
      <subfield code="d">1562-1635</subfield>
      <subfield code="0">http://datos.bne.es/resource/XX1719671</subfield>
    </datafield>
    <datafield tag="240" ind1="1" ind2="0">
      <subfield code="a">De cuándo acá nos vino</subfield>
    </datafield>
    <datafield tag="245" ind1="1" ind2="0">
      <subfield code="a">De cuándo acá nos vino</subfield>
      <subfield code="h">[Manuscrito]</subfield>
      <subfield code="b"> : comedia en tres actos. Emp.: Mi deseo os acompaña (h. 2)... Fin.: y de cuándo acá nos vino (h. 58)</subfield>
      <subfield code="c">de Lope de Vega y Fr. Alonso Remón (O. de M.)</subfield>
    </datafield>
    <datafield tag="260">
      <subfield code="a">S.XVII</subfield>
    </datafield>
    <datafield tag="300">
      <subfield code="a">58 h.</subfield>
      <subfield code="c">21 x 15 cm.</subfield>
    </datafield>
    <datafield tag="500">
      <subfield code="a">Autógrafas de Lope de Vega la primera y tercera jornada; la segunda, de Fr. Alonso Remón. Con correcciones</subfield>
    </datafield>
    <datafield tag="510" ind1="4">
      <subfield code="a">Paz, Teatro (2ª ed.)</subfield>
      <subfield code="c">n. 930</subfield>
    </datafield>
    <datafield tag="510" ind1="4">
      <subfield code="a">Placer, Bib. mercedaria, t. III</subfield>
      <subfield code="c">p. 603, n. 4993</subfield>
    </datafield>
    <datafield tag="510" ind1="4">
      <subfield code="a">Profeti, M.G. Per una bibliografia di J. Perez de Montalban. Verona, 1976</subfield>
    </datafield>
    <datafield tag="510" ind1="4">
      <subfield code="a">Bacon. G.W. The life anddramatics works of Doctor Juan Perez de Montalban, en Revue Hispanique, I (1912)</subfield>
      <subfield code="c">p. 440</subfield>
    </datafield>
    <datafield tag="594">
      <subfield code="a">Atribuida a Pérez de Montalbán por algunos autores</subfield>
    </datafield>
    <datafield tag="597">
      <subfield code="a">Restauradas varias h. y con pérdida de texto</subfield>
    </datafield>
    <datafield tag="655" ind2="7">
      <subfield code="a">Teatro</subfield>
      <subfield code="2">tgfbne</subfield>
    </datafield>
    <datafield tag="655" ind2="7">
      <subfield code="a">Teatro</subfield>
      <subfield code="z">España</subfield>
      <subfield code="y">S.XVI-XVII</subfield>
    </datafield>
    <datafield tag="700" ind1="1" ind2="2">
      <subfield code="a">Remón, Alonso</subfield>
      <subfield code="d">1561-1632</subfield>
      <subfield code="0">http://datos.bne.es/resource/XX1095792</subfield>
    </datafield>
    <datafield tag="856" ind1="4" ind2="1">
      <subfield code="u">http://bdh-rd.bne.es/viewer.vm?id=0000099820&amp;page=1</subfield>
      <subfield code="y">Biblioteca Digital Hispánica</subfield>
    </datafield>
    <datafield tag="856" ind1="4" ind2="1">
      <subfield code="u">http://manos.net/manuscripts/bne/res-110-de-cuando-aca-nos-vino</subfield>
      <subfield code="y">Manos teatrales</subfield>
    </datafield>
  </record>