
  <record>
    <leader>01408ntm a2200313 4500</leader>
    <controlfield tag="001">Miam0000010208</controlfield>
    <controlfield tag="003">SpMaBN</controlfield>
    <controlfield tag="005">20181113004131.3</controlfield>
    <controlfield tag="008">060406s1617 sp spa </controlfield>
    <datafield tag="016" ind1="7">
      <subfield code="a">biamBNE20060004408</subfield>
      <subfield code="2">SpMaBN</subfield>
    </datafield>
    <datafield tag="035">
      <subfield code="a">(OCoLC)430987085</subfield>
    </datafield>
    <datafield tag="040">
      <subfield code="a">SpMaBN</subfield>
      <subfield code="b">spa</subfield>
      <subfield code="c">SpMaBN</subfield>
      <subfield code="e">rdc</subfield>
    </datafield>
    <datafield tag="100" ind1="1">
      <subfield code="a">Vega, Lope de</subfield>
      <subfield code="d">1562-1635</subfield>
      <subfield code="0">http://datos.bne.es/resource/XX1719671</subfield>
    </datafield>
    <datafield tag="240" ind1="1" ind2="3">
      <subfield code="a">El desdén vengado</subfield>
    </datafield>
    <datafield tag="245" ind1="1" ind2="3">
      <subfield code="a">El desdén vengado :</subfield>
      <subfield code="b">comedia. Emp.: Las tres han dado (h. 1)... Fin.: que así un desprecio se venga (h. 56)</subfield>
      <subfield code="c">Lope de Vega</subfield>
    </datafield>
    <datafield tag="260">
      <subfield code="a">1617</subfield>
    </datafield>
    <datafield tag="300">
      <subfield code="a">III, 57 h.</subfield>
      <subfield code="c">22 x 16 cm</subfield>
    </datafield>
    <datafield tag="336">
      <subfield code="a">Texto (visual)</subfield>
    </datafield>
    <datafield tag="337">
      <subfield code="a">sin mediación</subfield>
    </datafield>
    <datafield tag="500">
      <subfield code="a">Autógrafo con correcciones y firma</subfield>
    </datafield>
    <datafield tag="510" ind1="4">
      <subfield code="a">Paz, Teatro (2ª ed.)</subfield>
      <subfield code="c">n. 981</subfield>
    </datafield>
    <datafield tag="561" ind1="1">
      <subfield code="a">Duque de Osuna e Infantado</subfield>
    </datafield>
    <datafield tag="596">
      <subfield code="a">Al final: En Madrid a 4 de agosto de 1617. Licencias de representación de Tomás Gracián Dantisco, Madrid, 5 septiembre 1617; y otras dos en Madrid, 9 sept. 1617, y Lisboa, 21 marzo 1622</subfield>
    </datafield>
    <datafield tag="597">
      <subfield code="a">Tapas en pergamino originales, la anterior entre la h. I-II y la posterior detrás de la h. 17</subfield>
    </datafield>
    <datafield tag="655" ind2="7">
      <subfield code="a">Manuscritos</subfield>
      <subfield code="2">tgfbne</subfield>
    </datafield>
    <datafield tag="655" ind2="7">
      <subfield code="a">Teatro</subfield>
      <subfield code="2">tgfbne</subfield>
    </datafield>
    <datafield tag="655" ind2="7">
      <subfield code="a">Teatro</subfield>
      <subfield code="z">España</subfield>
      <subfield code="y">S.XVI-XVII</subfield>
    </datafield>
    <datafield tag="856" ind1="4" ind2="1">
      <subfield code="u">http://bdh-rd.bne.es/viewer.vm?id=0000099805&amp;page=1</subfield>
      <subfield code="y">Biblioteca Digital Hispánica</subfield>
    </datafield>
    <datafield tag="856" ind1="4" ind2="1">
      <subfield code="u">http://manos.net/manuscripts/bne/res-109-desden-el-vengado</subfield>
      <subfield code="y">Manos teatrales</subfield>
    </datafield>
  </record>