
  <record>
    <leader>01439ctm a2200277 4500</leader>
    <controlfield tag="001">a4640684</controlfield>
    <controlfield tag="003">SpMaBN</controlfield>
    <controlfield tag="005">20181113004142.3</controlfield>
    <controlfield tag="008">091127q18511900sp 000 0 spa/ </controlfield>
    <datafield tag="035">
      <subfield code="a">(OCoLC)740338596</subfield>
    </datafield>
    <datafield tag="040">
      <subfield code="a">SpMaBN</subfield>
      <subfield code="b">spa</subfield>
      <subfield code="c">SpMaBN</subfield>
      <subfield code="e">rdc</subfield>
    </datafield>
    <datafield tag="100" ind1="1">
      <subfield code="a">Vega, Lope de</subfield>
      <subfield code="d">1562-1635</subfield>
      <subfield code="0">http://datos.bne.es/resource/XX1719671</subfield>
    </datafield>
    <datafield tag="240" ind1="1" ind2="3">
      <subfield code="a">La discreta enamorada</subfield>
    </datafield>
    <datafield tag="245" ind1="1" ind2="3">
      <subfield code="a">La discreta enamorada</subfield>
      <subfield code="h">[Manuscrito] :</subfield>
      <subfield code="b">comedia en tres actos. Emp.: Baja los ojos al suelo (h. 2)... Fin.: la Discreta enamorada (h. 35v)</subfield>
      <subfield code="c">del maestro Lope de Vega Carpio</subfield>
    </datafield>
    <datafield tag="260">
      <subfield code="a">S. XIX</subfield>
    </datafield>
    <datafield tag="300">
      <subfield code="a">35 h.</subfield>
      <subfield code="c">23 x 17 cm</subfield>
    </datafield>
    <datafield tag="510" ind1="4">
      <subfield code="a">Paz, Teatro (2ª ed.)</subfield>
      <subfield code="c">n. 1050</subfield>
    </datafield>
    <datafield tag="510" ind1="4">
      <subfield code="a">Barrera y Leirado, Cayetano Alberto de la, Catálogo bibliográfico y biográfico del teatro antiguo español, Madrid, 1969</subfield>
      <subfield code="c">p. 429</subfield>
    </datafield>
    <datafield tag="510" ind1="4">
      <subfield code="a">Aguilar Piñal, Francisco, Romancero popular del siglo XVIII, Madrid, 1972, p. 9</subfield>
    </datafield>
    <datafield tag="510" ind1="4">
      <subfield code="a">Martín Abad, J., “Un fondo menor de la Biblioteca Nacional: la biblioteca manuscrita de Adelardo López de Ayala”, en Miscelánea-homenaje a Luis García Ejarque, Madrid, 1992</subfield>
      <subfield code="c">p. 57, n. 21</subfield>
    </datafield>
    <datafield tag="529" ind1="0" ind2="0">
      <subfield code="a">Baja los ojos al suelo (h. 2)... la Discreta enamorada (h. 35v)</subfield>
    </datafield>
    <datafield tag="541">
      <subfield code="c">Compra</subfield>
      <subfield code="a">Matilde Herrera</subfield>
      <subfield code="d">1881</subfield>
    </datafield>
    <datafield tag="561">
      <subfield code="a">Adelardo López de Ayala y Herrera</subfield>
    </datafield>
    <datafield tag="655" ind1="7" ind2="7">
      <subfield code="a">Teatro</subfield>
      <subfield code="2">tgfbne</subfield>
    </datafield>
    <datafield tag="655" ind2="7">
      <subfield code="a">Teatro</subfield>
      <subfield code="z">España</subfield>
      <subfield code="y">S.XVI-XVII</subfield>
    </datafield>
    <datafield tag="856" ind1="4" ind2="1">
      <subfield code="u">http://bdh-rd.bne.es/viewer.vm?id=0000050968&amp;page=1</subfield>
      <subfield code="y">Biblioteca Digital Hispánica</subfield>
    </datafield>
  </record>