
  <record>
    <leader>02664ctm a2200481 i 4500</leader>
    <controlfield tag="001">a4777410</controlfield>
    <controlfield tag="003">SpMaBN</controlfield>
    <controlfield tag="005">20181113004146.3</controlfield>
    <controlfield tag="008">100622q16011700sp 000 0 spa </controlfield>
    <datafield tag="035">
      <subfield code="a">(OCoLC)740348328</subfield>
    </datafield>
    <datafield tag="040">
      <subfield code="a">SpMaBN</subfield>
      <subfield code="b">spa</subfield>
      <subfield code="c">SpMaBN</subfield>
      <subfield code="e">rdc</subfield>
    </datafield>
    <datafield tag="100" ind1="1">
      <subfield code="a">Vega, Lope de</subfield>
      <subfield code="d">1562-1635</subfield>
    </datafield>
    <datafield tag="245" ind1="1" ind2="0">
      <subfield code="a">Don Lope de Cardona</subfield>
      <subfield code="h">[Manuscrito] :</subfield>
      <subfield code="b">comedia famosa en tres actos. Emp.: No paséis más adelante (h. 1)... Fin.: de don Lope de Cardona (h. 21)</subfield>
      <subfield code="c">de Lope de Vega</subfield>
    </datafield>
    <datafield tag="260">
      <subfield code="a">S.XVII</subfield>
    </datafield>
    <datafield tag="300">
      <subfield code="a">I, 22 h.</subfield>
      <subfield code="c">21 x 16 cm.</subfield>
    </datafield>
    <datafield tag="500">
      <subfield code="a">Texto con correcciones</subfield>
    </datafield>
    <datafield tag="505" ind1="8">
      <subfield code="a">Redondilla: Ya la tierra, ya la aurora / una platos de esmeraldas (h. 21v)</subfield>
    </datafield>
    <datafield tag="505" ind1="8">
      <subfield code="a">Endecha: Esta mañanita / encontré un hidalgo (h. 21v)</subfield>
    </datafield>
    <datafield tag="505" ind1="8">
      <subfield code="a">Endecha: El ava, Marica / el ava que sale (h. 21v)</subfield>
    </datafield>
    <datafield tag="505" ind1="8">
      <subfield code="a">Redondilla: Domina mea, dignare / que yo pueda mereceros (h. 21v)</subfield>
    </datafield>
    <datafield tag="505" ind1="8">
      <subfield code="a">Redondilla: Mil veces estoy, memorias / por decir que ya no os quiero (h. 21v)</subfield>
    </datafield>
    <datafield tag="505" ind1="8">
      <subfield code="a">Octavas reales: Si quieres ver el fin tan triste que te espera / a todas nuestras vanas fantasías (h. 22)</subfield>
    </datafield>
    <datafield tag="505" ind1="8">
      <subfield code="a">Décimas: Cansado ya de llorar / una difunta esperanza (h. 22v)</subfield>
    </datafield>
    <datafield tag="505" ind1="8">
      <subfield code="a">Redondilla: ¿Qué me queréis, pensamientos? / ¿Dónde me lleváis, desdichas? (22v)</subfield>
    </datafield>
    <datafield tag="510" ind1="4">
      <subfield code="a">Paz, Teatro (2ª ed.)</subfield>
      <subfield code="c">n. 1101</subfield>
    </datafield>
    <datafield tag="510" ind1="4">
      <subfield code="a">Rocamora, Osuna</subfield>
      <subfield code="c">n. 506</subfield>
    </datafield>
    <datafield tag="510" ind1="4">
      <subfield code="a">Pérez y Pérez, María Cruz, Bibliografía del teatro de Lope de Vega, Madrid, 1973</subfield>
      <subfield code="c">n. 89</subfield>
    </datafield>
    <datafield tag="510" ind1="4">
      <subfield code="a">Obras de Lope de Vega, RAE, Madrid, 1917c</subfield>
      <subfield code="v">ol. IV, p. XXVI, n. 1</subfield>
    </datafield>
    <datafield tag="510" ind1="4">
      <subfield code="a">Urzáiz Tortajada, Héctor, Catálogo de autores teatrales del siglo XVII, Madrid, 2002</subfield>
      <subfield code="c">vol. II, p. 660</subfield>
    </datafield>
    <datafield tag="529" ind1="0" ind2="0">
      <subfield code="a">No paséis más adelante (h. 1)... de don Lope de Cardona (h. 21)</subfield>
    </datafield>
    <datafield tag="529" ind1="0" ind2="2">
      <subfield code="a">Ya la tierra, ya la aurora / una platos de esmeraldas (h. 21v)</subfield>
    </datafield>
    <datafield tag="529" ind1="0" ind2="2">
      <subfield code="a">Esta mañanita / encontré un hidalgo (h. 21v)</subfield>
    </datafield>
    <datafield tag="529" ind1="0" ind2="2">
      <subfield code="a">El ava, Marica / el ava que sale (h. 21v)</subfield>
    </datafield>
    <datafield tag="529" ind1="0" ind2="2">
      <subfield code="a">Domina mea, dignare / que yo pueda mereceros (h. 21v)</subfield>
    </datafield>
    <datafield tag="529" ind1="0" ind2="2">
      <subfield code="a">Mil veces estoy, memorias / por decir que ya no os quiero (h. 21v)</subfield>
    </datafield>
    <datafield tag="529" ind1="0" ind2="2">
      <subfield code="a">Si quieres ver el fin tan triste que te espera / a todas nuestras vanas fantasías (h. 22)</subfield>
    </datafield>
    <datafield tag="529" ind1="0" ind2="2">
      <subfield code="a">Cansado ya de llorar / una difunta esperanza (h. 22v)</subfield>
    </datafield>
    <datafield tag="529" ind1="0" ind2="2">
      <subfield code="a">¿Qué me queréis, pensamientos? / ¿Dónde me lleváis, desdichas? (22v)</subfield>
    </datafield>
    <datafield tag="561">
      <subfield code="a">Duque de Osuna e Infantado</subfield>
    </datafield>
    <datafield tag="655" ind1="7" ind2="7">
      <subfield code="a">Teatro</subfield>
      <subfield code="2">tgfbne</subfield>
    </datafield>
    <datafield tag="655" ind2="7">
      <subfield code="a">Teatro</subfield>
      <subfield code="z">España</subfield>
      <subfield code="y">S.XVI-XVII</subfield>
    </datafield>
    <datafield tag="856" ind1="4" ind2="1">
      <subfield code="u">http://bdh-rd.bne.es/viewer.vm?id=0000208357&amp;page=1</subfield>
      <subfield code="y">Biblioteca Digital Hispánica</subfield>
    </datafield>
    <datafield tag="856" ind1="4" ind2="1">
      <subfield code="u">http://manos.net/manuscripts/bne/17-417-don-lope-de-cardona</subfield>
      <subfield code="y">Manos teatrales</subfield>
    </datafield>
  </record>