
  <record>
    <leader>01496ctm a2200313 4500</leader>
    <controlfield tag="001">a4710390</controlfield>
    <controlfield tag="003">SpMaBN</controlfield>
    <controlfield tag="005">20181113004145.3</controlfield>
    <controlfield tag="008">100322q16011700sp 000 0 spa/ </controlfield>
    <datafield tag="035">
      <subfield code="a">(OCoLC)740343916</subfield>
    </datafield>
    <datafield tag="040">
      <subfield code="a">SpMaBN</subfield>
      <subfield code="b">spa</subfield>
      <subfield code="c">SpMaBN</subfield>
      <subfield code="e">rdc</subfield>
    </datafield>
    <datafield tag="100" ind1="1">
      <subfield code="a">Vega, Lope de</subfield>
      <subfield code="d">1562-1635</subfield>
      <subfield code="0">http://datos.bne.es/resource/XX1719671</subfield>
    </datafield>
    <datafield tag="240" ind1="1" ind2="3">
      <subfield code="a">El milagro por los celos</subfield>
    </datafield>
    <datafield tag="245" ind1="1" ind2="0">
      <subfield code="a">Doña Beatriz de Silva</subfield>
      <subfield code="h">[Manuscrito] :</subfield>
      <subfield code="b">comedia en tres jornadas. Emp.: Oh, qué proposición tan importuna (h. 1)... Fin.: dad perdón de la primera (h. 47v)</subfield>
    </datafield>
    <datafield tag="260">
      <subfield code="a">S.XVII</subfield>
    </datafield>
    <datafield tag="300">
      <subfield code="a">II, 47 h.</subfield>
      <subfield code="c">23 x 17 cm.</subfield>
    </datafield>
    <datafield tag="500">
      <subfield code="a">V.a. Mss/16435 con el título El milagro por los celos</subfield>
    </datafield>
    <datafield tag="500">
      <subfield code="a">Texto con correcciones</subfield>
    </datafield>
    <datafield tag="500">
      <subfield code="a">En portada: La muy noble</subfield>
    </datafield>
    <datafield tag="500">
      <subfield code="a">Firma de Cortés</subfield>
    </datafield>
    <datafield tag="510" ind1="4">
      <subfield code="a">Paz, Teatro (2ª ed.)</subfield>
      <subfield code="c">n. 2382</subfield>
    </datafield>
    <datafield tag="510" ind1="4">
      <subfield code="a">Mauberry, Nancy, "Sobre la autenticidad de El milagro por los celos", en actas del I Congreso Internacional sobre Lope de Vega: Lope de Vega y los orígenes del teatro español, Madrid, 1978</subfield>
      <subfield code="c">p. 499-509</subfield>
    </datafield>
    <datafield tag="529" ind1="0" ind2="0">
      <subfield code="a">Oh, qué proposición tan importuna (h. 1)... dad perdón de la primera (h. 47v)</subfield>
    </datafield>
    <datafield tag="593">
      <subfield code="a">Atribuida a Tirso de Molina, en h. I y II</subfield>
    </datafield>
    <datafield tag="597">
      <subfield code="a">En blanco las h. 17 y 34</subfield>
    </datafield>
    <datafield tag="655" ind1="7" ind2="7">
      <subfield code="a">Teatro</subfield>
      <subfield code="2">tgfbne</subfield>
    </datafield>
    <datafield tag="655" ind2="7">
      <subfield code="a">Teatro</subfield>
      <subfield code="z">España</subfield>
      <subfield code="y">S.XVI-XVII</subfield>
    </datafield>
    <datafield tag="856" ind1="4" ind2="1">
      <subfield code="u">http://bdh-rd.bne.es/viewer.vm?id=0000186932&amp;page=1</subfield>
      <subfield code="y">Biblioteca Digital Hispánica</subfield>
    </datafield>
    <datafield tag="856" ind1="4" ind2="1">
      <subfield code="u">http://manos.net/manuscripts/bne/16-402-dona-beatriz-de-silva</subfield>
      <subfield code="y">Manos teatrales</subfield>
    </datafield>
  </record>