
  <record>
    <leader>01696ntm a2200325 4500</leader>
    <controlfield tag="001">Miam0000010218</controlfield>
    <controlfield tag="003">SpMaBN</controlfield>
    <controlfield tag="005">20181113004131.3</controlfield>
    <controlfield tag="008">060407s1625 </controlfield>
    <datafield tag="016" ind1="7">
      <subfield code="a">biamBNE20060004509</subfield>
      <subfield code="2">SpMaBN</subfield>
    </datafield>
    <datafield tag="035">
      <subfield code="a">(OCoLC)430987094</subfield>
    </datafield>
    <datafield tag="040">
      <subfield code="a">SpMaBN</subfield>
      <subfield code="b">spa</subfield>
      <subfield code="c">SpMaBN</subfield>
      <subfield code="e">rdc</subfield>
    </datafield>
    <datafield tag="100" ind1="1">
      <subfield code="a">Mira de Amescua, Antonio</subfield>
      <subfield code="d">1577-1644</subfield>
      <subfield code="0">http://datos.bne.es/resource/XX1154933</subfield>
    </datafield>
    <datafield tag="240" ind1="1" ind2="3">
      <subfield code="a">El ejemplo mayor de la desdicha</subfield>
    </datafield>
    <datafield tag="245" ind1="1" ind2="3">
      <subfield code="a">El ejemplo mayor de la desdicha y capitán Belisario</subfield>
      <subfield code="h">[Manuscrito]</subfield>
      <subfield code="b"> : comedia. Emp.: Como tus hechos divinos (h. 2)... Fin.: el ejemplo mayor de la desdicha (h. 60)</subfield>
    </datafield>
    <datafield tag="260">
      <subfield code="a">1625</subfield>
    </datafield>
    <datafield tag="300">
      <subfield code="a">60 h.</subfield>
      <subfield code="c">22 x 16 cm.</subfield>
    </datafield>
    <datafield tag="500">
      <subfield code="a">Autógrafo con correcciones y firma</subfield>
    </datafield>
    <datafield tag="500">
      <subfield code="a">V.a. Mss/16906</subfield>
    </datafield>
    <datafield tag="510" ind1="4">
      <subfield code="a">Paz, Teatro (2ª ed.)</subfield>
      <subfield code="c">n. 1172</subfield>
    </datafield>
    <datafield tag="510" ind1="4">
      <subfield code="a">Simón Díaz, BLH, t. XV</subfield>
      <subfield code="c">p. 14, n. 100</subfield>
    </datafield>
    <datafield tag="510" ind1="4">
      <subfield code="a">Profeti, M.G. Per una bibliografia di J. Perez de Montalban. Verona, 1976</subfield>
    </datafield>
    <datafield tag="510" ind1="4">
      <subfield code="a">Bacon, G.W. The comedis of doctor Juan Perez de Montalvan, en Revue Hispanique, XVII (1907), pp. 46-55</subfield>
    </datafield>
    <datafield tag="561">
      <subfield code="a">Duque de Osuna e Infantado</subfield>
    </datafield>
    <datafield tag="596">
      <subfield code="a">Censura autógrafa de Lope de Vega. Madrid, julio 1625; Licencias de representación de Pedro de Vargas Machuca. Madrid, 19 diciembre 1625; del Dr. Garcés. Valencia. Valencia, 2 octubre 1627; y de Lisboa, 1629?</subfield>
    </datafield>
    <datafield tag="655" ind2="7">
      <subfield code="a">Teatro</subfield>
      <subfield code="2">tgfbne</subfield>
    </datafield>
    <datafield tag="655" ind2="7">
      <subfield code="a">Teatro</subfield>
      <subfield code="z">España</subfield>
      <subfield code="y">S.XVI-XVII</subfield>
    </datafield>
    <datafield tag="700" ind1="1" ind2="2">
      <subfield code="a">Vega, Lope de</subfield>
      <subfield code="d">1562-1635</subfield>
      <subfield code="0">http://datos.bne.es/resource/XX1719671</subfield>
    </datafield>
    <datafield tag="856" ind1="4" ind2="1">
      <subfield code="u">http://bdh-rd.bne.es/viewer.vm?id=0000100643&amp;page=1</subfield>
      <subfield code="y">Biblioteca Digital Hispánica</subfield>
    </datafield>
    <datafield tag="856" ind1="4" ind2="1">
      <subfield code="u">http://manos.net/manuscripts/bne/res-112-ejemplo-el-mayor-de-la-desdicha-y-capitan-belisario</subfield>
      <subfield code="y">Manos teatrales</subfield>
    </datafield>
  </record>