
  <record>
    <leader>02242ctm a2200349 4500</leader>
    <controlfield tag="001">a4653788</controlfield>
    <controlfield tag="003">SpMaBN</controlfield>
    <controlfield tag="005">20181113004143.3</controlfield>
    <controlfield tag="008">091221q15011700sp /// spa/ </controlfield>
    <datafield tag="035">
      <subfield code="a">(OCoLC)776264276</subfield>
    </datafield>
    <datafield tag="040">
      <subfield code="a">SpMaBN</subfield>
      <subfield code="b">spa</subfield>
      <subfield code="c">SpMaBN</subfield>
      <subfield code="e">rdc</subfield>
    </datafield>
    <datafield tag="080">
      <subfield code="a">94(460)</subfield>
    </datafield>
    <datafield tag="080">
      <subfield code="a">821.134.2</subfield>
    </datafield>
    <datafield tag="100" ind1="1">
      <subfield code="a">Pérez de Herrera, Cristóbal</subfield>
      <subfield code="d">ca. 1556-1620</subfield>
      <subfield code="0">http://datos.bne.es/resource/XX824596</subfield>
    </datafield>
    <datafield tag="245" ind1="1" ind2="0">
      <subfield code="a">Elogio breve y compendioso de las heroicas y preclarísimas virtudes de la Católica Real Magestad del Rey Don Phelippe II y de su exemplar y cristianísima muerte y carta oratoria al poderosísimo Rey de las Españas y Nuevo Mu ndo Don Phelippe III</subfield>
      <subfield code="h">[Manuscrito]</subfield>
      <subfield code="c">por el doctor Don Cristóbal Pérez de Herrera</subfield>
    </datafield>
    <datafield tag="260">
      <subfield code="a">S.XVI-S.XVII</subfield>
    </datafield>
    <datafield tag="300">
      <subfield code="a">III, 92 h.</subfield>
      <subfield code="c">16 x 12 cm</subfield>
    </datafield>
    <datafield tag="500">
      <subfield code="a">Censura de Miguel de Ondarea Cavala</subfield>
    </datafield>
    <datafield tag="500">
      <subfield code="a">Texto enmarcado</subfield>
    </datafield>
    <datafield tag="505" ind1="8">
      <subfield code="a">En las guardas: Soneto A las exequias del gran Philippo 2º, de Lope de Vega Carpio: Humillénse a tu sacro mausoleo / fuerte David y Salomón (h. I). Glosa a San José: Sois figura de Dios Padre / Santo Joseph pues sois vos (h. IIv). Soneto al Doctor Herrera, de Lope de Vega Carpio: Si de la medicina fue tenido / por Dios y autor un médico famoso (h. III). Epitafio de Felipe II [redondillas]: Aquí yace un Rey tan Rey / que enseñó a reinar los Reyes (h. 92v) [dos copias]</subfield> ubfield> </datafield>
    <datafield tag="529" ind1="0" ind2="2">
      <subfield code="a">Humillénse a tu sacro mausoleo / fuerte David y Salomón (h. I)</subfield>
    </datafield>
    <datafield tag="529" ind1="0" ind2="2">
      <subfield code="a">Sois figura de Dios Padre / Santo Joseph pues sois vos (h. IIv)</subfield>
    </datafield>
    <datafield tag="529" ind1="0" ind2="2">
      <subfield code="a">Si de la medicina fue tenido / por Dios y autor un médico famoso (h. III)</subfield>
    </datafield>
    <datafield tag="529" ind1="0" ind2="2">
      <subfield code="a">Aquí yace un Rey tan Rey / que enseñó a reinar los Reyes (h. 92v)</subfield>
    </datafield>
    <datafield tag="596">
      <subfield code="a">En portada: Año 1598</subfield>
    </datafield>
    <datafield tag="597">
      <subfield code="a">Deteriorado, manchas de humedad, tintas ferrogálicas</subfield>
    </datafield>
    <datafield tag="599">
      <subfield code="a">Títulos en rojo</subfield>
    </datafield>
    <datafield tag="600" ind1="0">
      <subfield code="a">Felipe</subfield>
      <subfield code="b">II,</subfield>
      <subfield code="c">Rey de España</subfield>
      <subfield code="2">embne</subfield>
      <subfield code="0">http://datos.bne.es/resource/XX885445</subfield>
    </datafield>
    <datafield tag="600" ind1="0">
      <subfield code="a">Felipe</subfield>
      <subfield code="b">III,</subfield>
      <subfield code="c">Rey de España</subfield>
      <subfield code="2">embne</subfield>
      <subfield code="0">http://datos.bne.es/resource/XX834769</subfield>
    </datafield>
    <datafield tag="655" ind2="7">
      <subfield code="a">Teatro</subfield>
      <subfield code="z">España</subfield>
      <subfield code="y">S.XVI-XVII</subfield>
    </datafield>
    <datafield tag="700" ind1="1">
      <subfield code="a">Vega, Lope de</subfield>
      <subfield code="d">1562-1635</subfield>
      <subfield code="t">Poesía</subfield>
      <subfield code="0">http://datos.bne.es/resource/XX2054049</subfield>
    </datafield>
    <datafield tag="856" ind1="4" ind2="1">
      <subfield code="u">http://bdh-rd.bne.es/viewer.vm?id=0000173339&amp;page=1</subfield>
      <subfield code="y">Biblioteca Digital Hispánica</subfield>
    </datafield>
  </record>