
  <record>
    <leader>01964ntm a2200433 4500</leader>
    <controlfield tag="001">Miam0000009683</controlfield>
    <controlfield tag="003">SpMaBN</controlfield>
    <controlfield tag="005">20181117134534.7</controlfield>
    <controlfield tag="008">051116s1610 </controlfield>
    <datafield tag="016" ind1="7">
      <subfield code="a">biamBNE20050016861</subfield>
      <subfield code="2">SpMaBN</subfield>
    </datafield>
    <datafield tag="035">
      <subfield code="a">(OCoLC)430985850</subfield>
    </datafield>
    <datafield tag="040">
      <subfield code="a">SpMaBN</subfield>
      <subfield code="b">spa</subfield>
      <subfield code="c">SpMaBN</subfield>
      <subfield code="e">rdc</subfield>
    </datafield>
    <datafield tag="100" ind1="1">
      <subfield code="a">Vega, Lope de</subfield>
      <subfield code="d">1562-1635</subfield>
      <subfield code="0">http://datos.bne.es/resource/XX1719671</subfield>
    </datafield>
    <datafield tag="240" ind1="1" ind2="0">
      <subfield code="a">La buena guarda</subfield>
    </datafield>
    <datafield tag="245" ind1="1" ind2="3">
      <subfield code="a">La encomienda bien guardada</subfield>
      <subfield code="h">[Manuscrito]</subfield>
      <subfield code="b"> : comedia. Emp.: Tarde pienso que venimos... Fin.: la encomienda bien guardada</subfield>
    </datafield>
    <datafield tag="260">
      <subfield code="a">1610</subfield>
    </datafield>
    <datafield tag="300">
      <subfield code="a">60 h.</subfield>
      <subfield code="c">22 x 16 cm.</subfield>
    </datafield>
    <datafield tag="500">
      <subfield code="a">Autógrafa, con correcciones y firmada</subfield>
    </datafield>
    <datafield tag="500">
      <subfield code="a">Ex libris del Marqués de Pidal</subfield>
    </datafield>
    <datafield tag="500">
      <subfield code="a">Sello de Agustín Durán</subfield>
    </datafield>
    <datafield tag="510" ind1="4">
      <subfield code="a">Paz, Teatro, Suplemento</subfield>
      <subfield code="c">p. 49, n. 10396</subfield>
    </datafield>
    <datafield tag="510" ind1="4">
      <subfield code="a">Menéndez Pelayo, M., Obras completas, t. XXX, II. Comedias de vidas de Santos, Madrid, 1949</subfield>
      <subfield code="c">p. 94-106</subfield>
    </datafield>
    <datafield tag="541">
      <subfield code="c">Compra</subfield>
      <subfield code="a">Marqueses de Bondad Real</subfield>
      <subfield code="d">1948</subfield>
    </datafield>
    <datafield tag="561">
      <subfield code="a">Agustín Durán</subfield>
    </datafield>
    <datafield tag="561">
      <subfield code="a">Pedro José Pidal, Marqués de Pidal</subfield>
    </datafield>
    <datafield tag="581">
      <subfield code="a">Vega, Lope de, Comedias,Madrid, 1621</subfield>
    </datafield>
    <datafield tag="581">
      <subfield code="a">BAE, t. V (1895)</subfield>
    </datafield>
    <datafield tag="581">
      <subfield code="a">Biblioteca Clásica de Hernando, t. CCLXVI (1934)</subfield>
    </datafield>
    <datafield tag="581">
      <subfield code="a">Obras escogidas de Lope (Teatro II), Madrid, Aguilar, 1955</subfield>
    </datafield>
    <datafield tag="581">
      <subfield code="a">Pilar Díez y Giménez Castellanos, Zaragoza, 1965</subfield>
    </datafield>
    <datafield tag="594">
      <subfield code="a">Conocida también como La buena guarda o La encomienda bien guardada</subfield>
    </datafield>
    <datafield tag="596">
      <subfield code="a">En h. 59v.: En Madrid a 27 de abril de 1610 años</subfield>
    </datafield>
    <datafield tag="596">
      <subfield code="a">Licencias para representarla en Madrid, 1610; en Sevilla, 1611; y en Madrid, 1614</subfield>
    </datafield>
    <datafield tag="597">
      <subfield code="a">En blanco la h. 31, 40v.-41</subfield>
    </datafield>
    <datafield tag="655" ind2="7">
      <subfield code="a">Teatro</subfield>
      <subfield code="2">tgfbne</subfield>
    </datafield>
    <datafield tag="655" ind2="7">
      <subfield code="a">Teatro</subfield>
      <subfield code="z">España</subfield>
      <subfield code="y">S.XVI-XVII</subfield>
      <subfield code="2">tgfbne</subfield>
    </datafield>
    <datafield tag="740" ind1="3" ind2="2">
      <subfield code="a">La buena guarda</subfield>
    </datafield>
    <datafield tag="856" ind1="4" ind2="1">
      <subfield code="u">http://bdh-rd.bne.es/viewer.vm?id=0000099767&amp;page=1</subfield>
      <subfield code="y">Biblioteca Digital Hispánica</subfield>
    </datafield>
    <datafield tag="856" ind1="4" ind2="1">
      <subfield code="u">http://manos.net/manuscripts/bne/vitr-7-16-la-encomienda-bien-guardada-o-la-buena-guarda</subfield>
      <subfield code="y">Manos teatrales</subfield>
    </datafield>
  </record>