
  <record>
    <leader>00612ntm a2200193 4500</leader>
    <controlfield tag="001">Miam0000010188</controlfield>
    <controlfield tag="003">SpMaBN</controlfield>
    <controlfield tag="005">20130902190820.2</controlfield>
    <controlfield tag="008">060404q19012000 </controlfield>
    <datafield tag="016" ind1="7">
      <subfield code="a">biamBNE20060004194</subfield>
      <subfield code="2">SpMaBN</subfield>
    </datafield>
    <datafield tag="035">
      <subfield code="a">(OCoLC)430987057</subfield>
    </datafield>
    <datafield tag="040">
      <subfield code="a">SpMaBN</subfield>
      <subfield code="b">spa</subfield>
      <subfield code="c">SpMaBN</subfield>
      <subfield code="e">rdc</subfield>
    </datafield>
    <datafield tag="100" ind1="1">
      <subfield code="a">Vega, Lope de</subfield>
      <subfield code="d">1562-1635</subfield>
    </datafield>
    <datafield tag="240" ind1="1" ind2="3">
      <subfield code="a">El rescate de Melisendra</subfield>
    </datafield>
    <datafield tag="245" ind1="1" ind2="0">
      <subfield code="a">Entremés de Melisendra</subfield>
      <subfield code="h">[Manuscrito]</subfield>
      <subfield code="b">. Emp.: ¡Qué fatigas y embelecos! (p. 1)... Fin.: ni aun el propio matachín (p. 18)</subfield>
    </datafield>
    <datafield tag="260">
      <subfield code="c">S.XX</subfield>
    </datafield>
    <datafield tag="300">
      <subfield code="a">10 h.</subfield>
      <subfield code="c">22 x 16 cm.</subfield>
    </datafield>
    <datafield tag="500">
      <subfield code="a">Ed. facsímil</subfield>
    </datafield>
    <datafield tag="655" ind2="7">
      <subfield code="a">Teatro</subfield>
      <subfield code="2">tgfbne</subfield>
    </datafield>
  </record>