
  <record>
    <leader>01229ntm a2200253 4500</leader>
    <controlfield tag="001">Miam0000010187</controlfield>
    <controlfield tag="003">SpMaBN</controlfield>
    <controlfield tag="005">20181113004130.3</controlfield>
    <controlfield tag="008">060404q1622 </controlfield>
    <datafield tag="016" ind1="7">
      <subfield code="a">biamBNE20060004183</subfield>
      <subfield code="2">SpMaBN</subfield>
    </datafield>
    <datafield tag="035">
      <subfield code="a">(OCoLC)430987055</subfield>
    </datafield>
    <datafield tag="040">
      <subfield code="a">SpMaBN</subfield>
      <subfield code="b">spa</subfield>
      <subfield code="c">SpMaBN</subfield>
      <subfield code="e">rdc</subfield>
    </datafield>
    <datafield tag="100" ind1="1">
      <subfield code="a">Vega, Lope de</subfield>
      <subfield code="d">1562-1635</subfield>
      <subfield code="0">http://datos.bne.es/resource/XX1719671</subfield>
    </datafield>
    <datafield tag="240" ind1="1" ind2="3">
      <subfield code="a">El rescate de Melisendra</subfield>
    </datafield>
    <datafield tag="245" ind1="1" ind2="0">
      <subfield code="a">Entremés de Melisendra</subfield>
      <subfield code="h">[Manuscrito]</subfield>
      <subfield code="b">. Emp.: ¡Qué fatigas y embelecos! (p. 1)... Fin.: ni aun el propio matachín (p. 18)</subfield>
    </datafield>
    <datafield tag="260">
      <subfield code="a">[ca. 1622]</subfield>
    </datafield>
    <datafield tag="300">
      <subfield code="a">19 p.</subfield>
      <subfield code="c">22 x 16 cm.</subfield>
    </datafield>
    <datafield tag="500">
      <subfield code="a">¿Autógrafa? El examen de la letra suscita dudas sobre su autenticidad</subfield>
    </datafield>
    <datafield tag="510" ind1="4">
      <subfield code="a">Paz, Teatro (2ª ed.)</subfield>
      <subfield code="c">n. 2349</subfield>
    </datafield>
    <datafield tag="596">
      <subfield code="a">Licencias de representación de Pedro de Vargas Machuca. Madrid, 3 agosto 1622; y de Tomás Gracián Dantisco, en la misma ciudad, 14 diciembre 1623</subfield>
    </datafield>
    <datafield tag="655" ind2="7">
      <subfield code="a">Teatro</subfield>
      <subfield code="2">tgfbne</subfield>
    </datafield>
    <datafield tag="655" ind2="7">
      <subfield code="a">Teatro</subfield>
      <subfield code="z">España</subfield>
      <subfield code="y">S.XVI-XVII</subfield>
    </datafield>
    <datafield tag="856" ind1="4" ind2="1">
      <subfield code="u">http://bdh-rd.bne.es/viewer.vm?id=0000099810&amp;page=1</subfield>
      <subfield code="y">Biblioteca Digital Hispánica</subfield>
    </datafield>
    <datafield tag="856" ind1="4" ind2="2">
      <subfield code="u">http://www.bne.es/es/Actividades/Exposiciones/Exposiciones/Exposiciones2009/dibujos/visitavirtual/pdf/Dib_015_024_009.pdf</subfield>
      <subfield code="y">Estudio de la obra</subfield>
    </datafield>
  </record>