
  <record>
    <leader>01793ctd a2200373 c 4500</leader>
    <controlfield tag="001">a4805802</controlfield>
    <controlfield tag="003">SpMaBN</controlfield>
    <controlfield tag="005">20180621000000.5</controlfield>
    <controlfield tag="008">100810s18uu sp 000 0 spa </controlfield>
    <datafield tag="035">
      <subfield code="a">(OCoLC)740351156</subfield>
    </datafield>
    <datafield tag="040">
      <subfield code="a">SpMaBN</subfield>
      <subfield code="b">spa</subfield>
      <subfield code="c">SpMaBN</subfield>
      <subfield code="e">rdc</subfield>
    </datafield>
    <datafield tag="100" ind1="1">
      <subfield code="a">Vega, Lope de</subfield>
      <subfield code="d">1562-1635</subfield>
    </datafield>
    <datafield tag="245" ind1="1" ind2="3">
      <subfield code="a">La estrella de Sevilla :</subfield>
      <subfield code="b">comedia. Emp.: Tan alborozado estoy (h. 2)... Fin.: pondré a sus pies (h. 6)</subfield>
      <subfield code="c">de Lope de Vega Carpio, nuevamente refundida [por Juan Eugenio Hartzenbusch]</subfield>
    </datafield>
    <datafield tag="260">
      <subfield code="a">S.XIX</subfield>
    </datafield>
    <datafield tag="300">
      <subfield code="a">[6] h.</subfield>
      <subfield code="c">22 x 16 cm</subfield>
    </datafield>
    <datafield tag="336">
      <subfield code="a">Texto (visual)</subfield>
    </datafield>
    <datafield tag="337">
      <subfield code="a">sin mediación</subfield>
    </datafield>
    <datafield tag="500">
      <subfield code="a">Autógrafo del refundidor, con correcciones</subfield>
    </datafield>
    <datafield tag="500">
      <subfield code="a">Incompleto; sólo las escenas primera y segunda del primer acto</subfield>
    </datafield>
    <datafield tag="510" ind1="4">
      <subfield code="a">Paz, Teatro, Suplemento</subfield>
      <subfield code="c">n. 10417</subfield>
    </datafield>
    <datafield tag="510" ind1="4">
      <subfield code="a">Hartzenbusch, E., Bibliografía de Hartzenbusch, p. 162-166</subfield>
    </datafield>
    <datafield tag="529" ind1="0" ind2="0">
      <subfield code="a">Tan alborozado estoy (h. 2)... pondré a sus pies (h. 6)</subfield>
    </datafield>
    <datafield tag="541" ind1="1">
      <subfield code="c">Donado por</subfield>
      <subfield code="a">Eugenio Hartzenbusch Hiriart</subfield>
      <subfield code="d">1910</subfield>
    </datafield>
    <datafield tag="561">
      <subfield code="a">Juan Eugenio Hartzenbusch</subfield>
    </datafield>
    <datafield tag="580">
      <subfield code="a">Forma parte de los Papeles de Juan Eugenio Hartzenbusch, serie Obras de creación literaria ajena</subfield>
    </datafield>
    <datafield tag="593">
      <subfield code="a">Refundidor tomado de Paz</subfield>
    </datafield>
    <datafield tag="655" ind2="7">
      <subfield code="a">Teatro</subfield>
      <subfield code="2">tgfbne</subfield>
    </datafield>
    <datafield tag="655" ind2="7">
      <subfield code="a">Manuscritos</subfield>
      <subfield code="2">tgfbne</subfield>
    </datafield>
    <datafield tag="655" ind2="7">
      <subfield code="a">Archivos personales</subfield>
      <subfield code="2">tgfbne</subfield>
    </datafield>
    <datafield tag="700" ind1="1">
      <subfield code="a">Hartzenbusch, Juan Eugenio</subfield>
      <subfield code="d">1806-1880</subfield>
    </datafield>
    <datafield tag="787" ind1="1" ind2="8">
      <subfield code="w">a5524983</subfield>
      <subfield code="i">Documentos del fondo</subfield>
      <subfield code="t">Papeles de Hartzenbusch</subfield>
    </datafield>
    <datafield tag="787" ind1="1" ind2="8">
      <subfield code="i">Documentos del fondo</subfield>
      <subfield code="t">Papeles de Hartzenbusch, serie Obras de creación literaria ajena</subfield>
      <subfield code="w">a5532410</subfield>
    </datafield>
    <datafield tag="856" ind1="4" ind2="1">
      <subfield code="u">http://bdh-rd.bne.es/viewer.vm?id=0000237498&amp;page=1</subfield>
      <subfield code="y">Biblioteca Digital Hispánica</subfield>
    </datafield>
    <datafield tag="856" ind1="4" ind2="8">
      <subfield code="u">http://catalogo.bne.es/uhtbin/cgisirsi/0/x/0/05?searchdata1= a5524983{CKEY}</subfield>
      <subfield code="y">Descripción general del fondo Papeles de Juan Eugenio de Hartzenbusch</subfield>
    </datafield>
  </record>