
  <record>
    <leader>01327ctm a2200277 i 4500</leader>
    <controlfield tag="001">a4754675</controlfield>
    <controlfield tag="003">SpMaBN</controlfield>
    <controlfield tag="005">20181113004146.3</controlfield>
    <controlfield tag="008">100519q16011700sp 000 0 spa/ </controlfield>
    <datafield tag="035">
      <subfield code="a">(OCoLC)740346835</subfield>
    </datafield>
    <datafield tag="040">
      <subfield code="a">SpMaBN</subfield>
      <subfield code="b">spa</subfield>
      <subfield code="c">SpMaBN</subfield>
      <subfield code="e">rdc</subfield>
    </datafield>
    <datafield tag="100" ind1="1">
      <subfield code="a">Vega, Lope de</subfield>
      <subfield code="d">1562-1635</subfield>
    </datafield>
    <datafield tag="245" ind1="1" ind2="4">
      <subfield code="a">Las flores de don Juan, rico y pobre trocados</subfield>
      <subfield code="h">[Manuscrito] :</subfield>
      <subfield code="b">comedia famosa. Emp.: Está acabado el vestido (h. 2)... Fin.: dice su autor que se llama (h. 70v)</subfield>
      <subfield code="c">de Lope de Vega Carpio</subfield>
    </datafield>
    <datafield tag="260">
      <subfield code="a">S.XVII</subfield>
    </datafield>
    <datafield tag="300">
      <subfield code="a">70 h.</subfield>
      <subfield code="c">23 x 17 cm.</subfield>
    </datafield>
    <datafield tag="510" ind1="4">
      <subfield code="a">Paz, Teatro (2ª ed.)</subfield>
      <subfield code="c">n. 1446</subfield>
    </datafield>
    <datafield tag="510" ind1="4">
      <subfield code="a">Rocamora, Osuna</subfield>
      <subfield code="c">n. 591</subfield>
    </datafield>
    <datafield tag="510" ind1="4">
      <subfield code="a">Pérez y Pérez, María Cruz, Bibliografía del teatro de Lope de Vega, Madrid, 1973</subfield>
      <subfield code="c">n. 70</subfield>
    </datafield>
    <datafield tag="510" ind1="4">
      <subfield code="a">Urzáiz Tortajada, Héctor, Catálogo de autores teatrales del siglo XVII, Madrid, 2002</subfield>
      <subfield code="c">vol. II, p. 662</subfield>
    </datafield>
    <datafield tag="529" ind1="0" ind2="0">
      <subfield code="a">Está acabado el vestido (h. 2)... dice su autor que se llama (h. 70v)</subfield>
    </datafield>
    <datafield tag="561">
      <subfield code="a">Duque de Osuna e Infantado</subfield>
    </datafield>
    <datafield tag="597">
      <subfield code="a">En blanco las h. 22v y 46v. Restaurada la h. 22</subfield>
    </datafield>
    <datafield tag="655" ind1="7" ind2="7">
      <subfield code="a">Teatro </subfield>
      <subfield code="2">tgfbne</subfield>
    </datafield>
    <datafield tag="655" ind2="7">
      <subfield code="a">Teatro</subfield>
      <subfield code="z">España</subfield>
      <subfield code="y">S.XVI-XVII</subfield>
    </datafield>
    <datafield tag="856" ind1="4" ind2="1">
      <subfield code="u">http://bdh-rd.bne.es/viewer.vm?id=0000216922&amp;page=1</subfield>
      <subfield code="y">Biblioteca Digital Hispánica</subfield>
    </datafield>
    <datafield tag="856" ind1="4" ind2="1">
      <subfield code="u">http://manos.net/manuscripts/bne/16-974-flores-las-de-don-juan-y-rico-y-pobre-trocado</subfield>
      <subfield code="y">Manos teatrales</subfield>
    </datafield>
  </record>