
  <record>
    <leader>01589ctm a2200313 4500</leader>
    <controlfield tag="001">a4633259</controlfield>
    <controlfield tag="003">SpMaBN</controlfield>
    <controlfield tag="005">20181113004142.3</controlfield>
    <controlfield tag="008">091116s1630 sp 000 0 spa/ </controlfield>
    <datafield tag="035">
      <subfield code="a">(OCoLC)740338143</subfield>
    </datafield>
    <datafield tag="040">
      <subfield code="a">SpMaBN</subfield>
      <subfield code="b">spa</subfield>
      <subfield code="c">SpMaBN</subfield>
      <subfield code="e">rdc</subfield>
    </datafield>
    <datafield tag="100" ind1="1">
      <subfield code="a">Vega, Lope de</subfield>
      <subfield code="d">1562-1635</subfield>
    </datafield>
    <datafield tag="240" ind1="1" ind2="0">
      <subfield code="a">Fray Diablo</subfield>
    </datafield>
    <datafield tag="245" ind1="1" ind2="0">
      <subfield code="a">Fray Diablo y El Diablo predicador</subfield>
      <subfield code="h">[Manuscrito] :</subfield>
      <subfield code="b">comedia. Emp.: De entre lóbregas cavernas (h. 1)... Fin.: y nos perdonen los yerros (h. 56)</subfield>
      <subfield code="c">Lope</subfield>
    </datafield>
    <datafield tag="260">
      <subfield code="a">1630</subfield>
    </datafield>
    <datafield tag="300">
      <subfield code="a">II, 56 h.</subfield>
      <subfield code="c">22 x 16 cm</subfield>
    </datafield>
    <datafield tag="500">
      <subfield code="a">Texto con correcciones</subfield>
    </datafield>
    <datafield tag="500">
      <subfield code="a">Sello de Agustín Durán</subfield>
    </datafield>
    <datafield tag="510" ind1="4">
      <subfield code="a">Paz, Teatro (2ª ed.), n. 1462</subfield>
    </datafield>
    <datafield tag="510" ind1="4">
      <subfield code="a">Morley-Bruerton. Cronología de las comedias de Lope de Vega, p. 468</subfield>
    </datafield>
    <datafield tag="510" ind1="4">
      <subfield code="a">Inventario de la Librería que fue del Excmo. Sr. D. Agustín Durán, comprada por el Gobierno de S.M. con destino a la BibliotecaNacional, en virtud de Real Orden fecha en 27 de junio de 1863, en Memoria remitida al Excmo. Sr. Ministro de Fomento..., por el Director de la Biblioteca Nacional, Madrid, 1865, p. 111</subfield>
    </datafield>
    <datafield tag="529" ind1="0" ind2="0">
      <subfield code="a">De entre lóbregas cavernas (h. 1)... y nos perdonen los yerros (h. 56)</subfield>
    </datafield>
    <datafield tag="561">
      <subfield code="a">Agustín Durán</subfield>
    </datafield>
    <datafield tag="596">
      <subfield code="a">Copiada en Madrid, el 1 de octubre de 1630, por Diego de Anunzibay</subfield>
    </datafield>
    <datafield tag="597">
      <subfield code="a">En blanco las h. IIv, 20v, 38 bis y 39v</subfield>
    </datafield>
    <datafield tag="655" ind1="7" ind2="7">
      <subfield code="a">Teatro</subfield>
      <subfield code="2">tgfbne</subfield>
    </datafield>
    <datafield tag="655" ind2="7">
      <subfield code="a">Teatro</subfield>
      <subfield code="z">España</subfield>
      <subfield code="y">S.XVI-XVII</subfield>
    </datafield>
    <datafield tag="856" ind1="4" ind2="1">
      <subfield code="u">http://bdh-rd.bne.es/viewer.vm?id=0000214701&amp;page=1</subfield>
      <subfield code="y">Biblioteca Digital Hispánica</subfield>
    </datafield>
    <datafield tag="856" ind1="4" ind2="1">
      <subfield code="u">http://manos.net/manuscripts/bne/15-084-diablo-el-predicador</subfield>
      <subfield code="y">Manos teatrales</subfield>
    </datafield>
  </record>