
  <record>
    <leader>01239ctm a2200277 i 4500</leader>
    <controlfield tag="001">a4771543</controlfield>
    <controlfield tag="003">SpMaBN</controlfield>
    <controlfield tag="005">20181113004146.3</controlfield>
    <controlfield tag="008">100614q16011700sp 000 0 spa/ </controlfield>
    <datafield tag="035">
      <subfield code="a">(OCoLC)740347891</subfield>
    </datafield>
    <datafield tag="040">
      <subfield code="a">SpMaBN</subfield>
      <subfield code="b">spa</subfield>
      <subfield code="c">SpMaBN</subfield>
      <subfield code="e">rdc</subfield>
    </datafield>
    <datafield tag="100" ind1="1">
      <subfield code="a">Vega, Lope de</subfield>
      <subfield code="d">1562-1635</subfield>
    </datafield>
    <datafield tag="245" ind1="1" ind2="3">
      <subfield code="a">La fuerza lastimosa</subfield>
      <subfield code="h">[Manuscrito] :</subfield>
      <subfield code="b">comedia. Emp.: Si por sendas tan estrechas (h. 2)... Fin.: fin la fuerza lastimosa (h. 69v)</subfield>
      <subfield code="c">de Lope de Vega</subfield>
    </datafield>
    <datafield tag="260">
      <subfield code="a">S.XVII</subfield>
    </datafield>
    <datafield tag="300">
      <subfield code="a">69 h.</subfield>
      <subfield code="c">24 x 17 cm.</subfield>
    </datafield>
    <datafield tag="510" ind1="4">
      <subfield code="a">Paz, Teatro (2ª ed.)</subfield>
      <subfield code="c">n. 1476</subfield>
    </datafield>
    <datafield tag="510" ind1="4">
      <subfield code="a">Rocamora, Osuna</subfield>
      <subfield code="c">n. 602</subfield>
    </datafield>
    <datafield tag="510" ind1="4">
      <subfield code="a">Urzáiz Tortajada, Héctor, Catálogo de autores teatrales del siglo XVII, Madrid, 2002</subfield>
      <subfield code="c">vol. II, p. 663</subfield>
    </datafield>
    <datafield tag="510" ind1="4">
      <subfield code="a">Pérez y Pérez, María Cruz, Bibliografía del teatro de Lope de Vega, Madrid, 1973</subfield>
      <subfield code="c">n. 109</subfield>
    </datafield>
    <datafield tag="529" ind1="0" ind2="0">
      <subfield code="a">Si por sendas tan estrechas (h. 2)... fin la fuerza lastimosa (h. 69v)</subfield>
    </datafield>
    <datafield tag="561">
      <subfield code="a">Duque de Osuna e Infantado</subfield>
    </datafield>
    <datafield tag="597">
      <subfield code="a">En blanco las h 23v y 45v</subfield>
    </datafield>
    <datafield tag="655" ind1="7" ind2="7">
      <subfield code="a">Teatro</subfield>
      <subfield code="2">tgfbne</subfield>
    </datafield>
    <datafield tag="655" ind2="7">
      <subfield code="a">Teatro</subfield>
      <subfield code="z">España</subfield>
      <subfield code="y">S.XVI-XVII</subfield>
    </datafield>
    <datafield tag="856" ind1="4" ind2="1">
      <subfield code="u">http://bdh-rd.bne.es/viewer.vm?id=0000217310&amp;page=1</subfield>
      <subfield code="y">Biblioteca Digital Hispánica</subfield>
    </datafield>
    <datafield tag="856" ind1="4" ind2="1">
      <subfield code="u">http://manos.net/manuscripts/bne/17-300-fuerza-la-lastimosa</subfield>
      <subfield code="y">Manos teatrales</subfield>
    </datafield>
  </record>