
  <record>
    <leader>01456ctm a2200277 4500</leader>
    <controlfield tag="001">a4619453</controlfield>
    <controlfield tag="003">SpMaBN</controlfield>
    <controlfield tag="005">20181113004141.3</controlfield>
    <controlfield tag="008">091022q1629 sp 000 0 spa/ </controlfield>
    <datafield tag="035">
      <subfield code="a">(OCoLC)740337162</subfield>
    </datafield>
    <datafield tag="040">
      <subfield code="a">SpMaBN</subfield>
      <subfield code="b">spa</subfield>
      <subfield code="c">SpMaBN</subfield>
      <subfield code="e">rdc</subfield>
    </datafield>
    <datafield tag="100" ind1="1">
      <subfield code="a">Vega, Lope de</subfield>
      <subfield code="d">1562-1635</subfield>
    </datafield>
    <datafield tag="245" ind1="1" ind2="3">
      <subfield code="a">La gran columna fogosa, San Basilio Magno</subfield>
      <subfield code="h">[Manuscrito]</subfield>
      <subfield code="b">: comedia famosa. Emp.: No puede ser que no sea (p. 4)... Fin.: alabanza a Basilio y a Dios gloria (p. 112)</subfield>
      <subfield code="c">Lope de Vega Carpio</subfield>
    </datafield>
    <datafield tag="260">
      <subfield code="a">[ca. 1629]</subfield>
    </datafield>
    <datafield tag="300">
      <subfield code="a">IV h., 112 p.</subfield>
      <subfield code="c">24 x 17 cm.</subfield>
    </datafield>
    <datafield tag="510" ind1="4">
      <subfield code="a">Paz, Teatro (2ª ed.)</subfield>
      <subfield code="c">n. 1557</subfield>
    </datafield>
    <datafield tag="510" ind1="4">
      <subfield code="a">Barrera y Leirado, Cayetano Alberto de la, Catálogo bibliográfico y biográfico del teatro antiguo español, Madrid, 1969</subfield>
      <subfield code="c">p. 436</subfield>
    </datafield>
    <datafield tag="510" ind1="4">
      <subfield code="a">Morley,Sylvanus Griswold, y Bruerton Courtney. Cronología de las comedias de Lope de Vega. Versión española de María Rosa Cartes. Madrid, 1968</subfield>
    </datafield>
    <datafield tag="529" ind1="0" ind2="0">
      <subfield code="a">No puede ser que no sea (p. 4)... alabanza a Basilio y a Dios gloria (p. 112)</subfield>
    </datafield>
    <datafield tag="596">
      <subfield code="a">Licencias de representación, en Plasencia, 2 de octubre de 1629</subfield>
    </datafield>
    <datafield tag="597">
      <subfield code="a">En blanco la h. 2v</subfield>
    </datafield>
    <datafield tag="597">
      <subfield code="a">Deteriorado, con pérdida de texto y restaurado</subfield>
    </datafield>
    <datafield tag="655" ind1="7" ind2="7">
      <subfield code="a">Teatro</subfield>
      <subfield code="2">tgfbne</subfield>
    </datafield>
    <datafield tag="655" ind2="7">
      <subfield code="a">Teatro</subfield>
      <subfield code="z">España</subfield>
      <subfield code="y">S.XVI-XVII</subfield>
    </datafield>
    <datafield tag="856" ind1="4" ind2="1">
      <subfield code="u">http://bdh-rd.bne.es/viewer.vm?id=0000214472&amp;page=1</subfield>
      <subfield code="y">Biblioteca Digital Hispánica</subfield>
    </datafield>
    <datafield tag="856" ind1="4" ind2="1">
      <subfield code="u">http://manos.net/manuscripts/bne/14-874-gran-columna-fogosa-san-basilio-el-magno</subfield>
      <subfield code="y">Manos teatrales</subfield>
    </datafield>
  </record>