
  <record>
    <leader>01194ctm a2200265 4500</leader>
    <controlfield tag="001">a4636924</controlfield>
    <controlfield tag="003">SpMaBN</controlfield>
    <controlfield tag="005">20181113004142.3</controlfield>
    <controlfield tag="008">091123q16011700sp 000 d spa/ </controlfield>
    <datafield tag="035">
      <subfield code="a">(OCoLC)740338367</subfield>
    </datafield>
    <datafield tag="040">
      <subfield code="a">SpMaBN</subfield>
      <subfield code="b">spa</subfield>
      <subfield code="c">SpMaBN</subfield>
      <subfield code="e">rdc</subfield>
    </datafield>
    <datafield tag="100" ind1="1">
      <subfield code="a">Vega, Lope de</subfield>
      <subfield code="d">1562-1635</subfield>
    </datafield>
    <datafield tag="240" ind1="1" ind2="4">
      <subfield code="a">Los hechos de Garcilaso de la Vega y moro Tarfe</subfield>
    </datafield>
    <datafield tag="245" ind1="1" ind2="4">
      <subfield code="a">Los hechos de Garcilaso de la Vega y moro Tarfe</subfield>
      <subfield code="h">[Manuscrito] :</subfield>
      <subfield code="b">comedia. Emp.: Viste, Leocan dichoso, aquella estrella (h. 3) ... Fin.: dulce fin a nuestra historia (h. 14v)</subfield>
      <subfield code="c">compuesta por Lope de Vega</subfield>
    </datafield>
    <datafield tag="260">
      <subfield code="a">S. XVII</subfield>
    </datafield>
    <datafield tag="300">
      <subfield code="a">14 h.</subfield>
      <subfield code="c">23 x 17 cm.</subfield>
    </datafield>
    <datafield tag="500">
      <subfield code="a">Nota de Cayetano Alberto de la Barrera en h. 1</subfield>
    </datafield>
    <datafield tag="500">
      <subfield code="a">V. a. Mss/14836</subfield>
    </datafield>
    <datafield tag="510" ind1="4">
      <subfield code="a">Paz, Teatro (2ª ed.), n. 1629</subfield>
    </datafield>
    <datafield tag="529" ind1="0" ind2="0">
      <subfield code="a">Viste, Leocan dichoso, aquella estrella (h. 3) ... dulce fin a nuestra historia (h. 14v)</subfield>
    </datafield>
    <datafield tag="561">
      <subfield code="a">Cayetano Alberto de la Barrera</subfield>
    </datafield>
    <datafield tag="655" ind2="7">
      <subfield code="a">Teatro</subfield>
      <subfield code="2">tgfbne</subfield>
    </datafield>
    <datafield tag="655" ind2="7">
      <subfield code="a">Teatro</subfield>
      <subfield code="z">España</subfield>
      <subfield code="y">S.XVI-XVII</subfield>
    </datafield>
    <datafield tag="856" ind1="4" ind2="1">
      <subfield code="u">http://bdh-rd.bne.es/viewer.vm?id=0000208360&amp;page=1</subfield>
      <subfield code="y">Biblioteca Digital Hispánica</subfield>
    </datafield>
    <datafield tag="856" ind1="4" ind2="1">
      <subfield code="u">http://manos.net/manuscripts/bne/16-037-hechos-los-de-garcilaso-de-la-vega-y-moro-tarfe</subfield>
      <subfield code="y">Manos teatrales</subfield>
    </datafield>
  </record>