
  <record>
    <leader>01095ctm a2200253 4500</leader>
    <controlfield tag="001">a4630386</controlfield>
    <controlfield tag="003">SpMaBN</controlfield>
    <controlfield tag="005">20181113004142.3</controlfield>
    <controlfield tag="008">091111q16011700sp 000 0 spa/ </controlfield>
    <datafield tag="035">
      <subfield code="a">(OCoLC)740337969</subfield>
    </datafield>
    <datafield tag="040">
      <subfield code="a">SpMaBN</subfield>
      <subfield code="b">spa</subfield>
      <subfield code="c">SpMaBN</subfield>
      <subfield code="e">rdc</subfield>
    </datafield>
    <datafield tag="100" ind1="1">
      <subfield code="a">Vega, Lope de</subfield>
      <subfield code="d">1562-1635</subfield>
    </datafield>
    <datafield tag="245" ind1="1" ind2="3">
      <subfield code="a">La hermosura aborrecida</subfield>
      <subfield code="h">[Manuscrito] .</subfield>
      <subfield code="b">Emp.: ¿No me has de dejar? (h. 1)... Fin.: de tan extraño suceso (h. 47)</subfield>
      <subfield code="c">[de Lope de Vega]</subfield>
    </datafield>
    <datafield tag="260">
      <subfield code="a">S. XVII</subfield>
    </datafield>
    <datafield tag="300">
      <subfield code="a">47 h.</subfield>
      <subfield code="c">23 x 17 cm.</subfield>
    </datafield>
    <datafield tag="510" ind1="4">
      <subfield code="a">Paz, Teatro (2ª ed.)</subfield>
      <subfield code="c">n. 1646</subfield>
    </datafield>
    <datafield tag="510" ind1="4">
      <subfield code="a">Pérez y Pérez, María Cruz, Bibliografía del teatro de Lope de Vega, Madrid, 1973</subfield>
      <subfield code="c">n. 124</subfield>
    </datafield>
    <datafield tag="529" ind1="0" ind2="0">
      <subfield code="a">¿No me has de dejar? (h. 1)... de tan extraño suceso (h. 47)</subfield>
    </datafield>
    <datafield tag="593">
      <subfield code="a">Autor tomado de la ed. de Madrid, 1617</subfield>
    </datafield>
    <datafield tag="597">
      <subfield code="a">En blanco las h. 14 y 29v</subfield>
    </datafield>
    <datafield tag="655" ind1="7" ind2="7">
      <subfield code="a">Teatro</subfield>
      <subfield code="2">tgfbne</subfield>
    </datafield>
    <datafield tag="655" ind2="7">
      <subfield code="a">Teatro</subfield>
      <subfield code="z">España</subfield>
      <subfield code="y">S.XVI-XVII</subfield>
    </datafield>
    <datafield tag="856" ind1="4" ind2="1">
      <subfield code="u">http://bdh-rd.bne.es/viewer.vm?id=0000223531&amp;page=1</subfield>
      <subfield code="y">Biblioteca Digital Hispánica</subfield>
    </datafield>
    <datafield tag="856" ind1="4" ind2="1">
      <subfield code="u">http://manos.net/manuscripts/bne/15-038-hermosura-la-aborrecida-y-desdichada-firme</subfield>
      <subfield code="y">Manos teatrales</subfield>
    </datafield>
  </record>