
  <record>
    <leader>01110ntm a2200265 c 4500</leader>
    <controlfield tag="001">a5141214</controlfield>
    <controlfield tag="003">SpMaBN</controlfield>
    <controlfield tag="005">20181113004151.3</controlfield>
    <controlfield tag="008">111205s1866 sp 000 0 spa </controlfield>
    <datafield tag="035">
      <subfield code="a">(OCoLC)796347133</subfield>
    </datafield>
    <datafield tag="040">
      <subfield code="a">SpMaBN</subfield>
      <subfield code="b">spa</subfield>
      <subfield code="c">SpMaBN</subfield>
      <subfield code="e">rdc</subfield>
    </datafield>
    <datafield tag="080">
      <subfield code="a">27</subfield>
    </datafield>
    <datafield tag="080">
      <subfield code="a">821.134.2-4/-9</subfield>
    </datafield>
    <datafield tag="100" ind1="1">
      <subfield code="a">Vega, Lope de</subfield>
      <subfield code="d">1562-1635</subfield>
      <subfield code="0">http://datos.bne.es/resource/XX1719671</subfield>
    </datafield>
    <datafield tag="245" ind1="1" ind2="0">
      <subfield code="a">Isagoge a los reales estudios de la Compañía de Jesús</subfield>
      <subfield code="h">[Manuscrito]</subfield>
      <subfield code="c">por Lope Felix de Vega Carpio</subfield>
    </datafield>
    <datafield tag="260">
      <subfield code="a">1866</subfield>
    </datafield>
    <datafield tag="300">
      <subfield code="a">20 h.</subfield>
      <subfield code="c">17 x 12 cm</subfield>
    </datafield>
    <datafield tag="500">
      <subfield code="a">Ex libris de de Cayetano Alberto de la Barrera</subfield>
    </datafield>
    <datafield tag="500">
      <subfield code="a">Autógrafo de Cayetano Alberto de la Barrera, con correcciones y notas</subfield>
    </datafield>
    <datafield tag="561">
      <subfield code="a">Cayetano Alberto de la Barrera</subfield>
    </datafield>
    <datafield tag="597">
      <subfield code="a">En blanco la h. 17</subfield>
    </datafield>
    <datafield tag="610" ind1="2" ind2="7">
      <subfield code="a">Reales Estudios de San Isidro</subfield>
      <subfield code="2">embne</subfield>
    </datafield>
    <datafield tag="655" ind2="7">
      <subfield code="a">Teatro</subfield>
      <subfield code="z">España</subfield>
      <subfield code="y">S.XVI-XVII</subfield>
    </datafield>
    <datafield tag="856" ind1="4" ind2="1">
      <subfield code="u">http://bdh-rd.bne.es/viewer.vm?id=0000071059&amp;page=1</subfield>
      <subfield code="y">Biblioteca Digital Hispánica</subfield>
    </datafield>
    <datafield tag="856" ind1="4" ind2="2">
      <subfield code="u">http://www.bne.es/es/Micrositios/Guias/Inventario_Manuscritos/resources/docs/invgenmss12x1x.pdf#page=162</subfield>
      <subfield code="y">Inventario General de Manuscritos</subfield>
    </datafield>
  </record>