
  <record>
    <leader>01352ctm a2200265 4500</leader>
    <controlfield tag="001">a4416742</controlfield>
    <controlfield tag="003">SpMaBN</controlfield>
    <controlfield tag="005">20181113004137.3</controlfield>
    <controlfield tag="008">090128s1616 sp 000 0 spa/ </controlfield>
    <datafield tag="035">
      <subfield code="a">(OCoLC)740319538</subfield>
    </datafield>
    <datafield tag="040">
      <subfield code="a">SpMaBN</subfield>
      <subfield code="b">spa</subfield>
      <subfield code="c">SpMaBN</subfield>
      <subfield code="e">rdc</subfield>
    </datafield>
    <datafield tag="100" ind1="1">
      <subfield code="a">Vega, Lope de</subfield>
      <subfield code="d">1562-1635</subfield>
      <subfield code="0">http://datos.bne.es/resource/XX1719671</subfield>
    </datafield>
    <datafield tag="240" ind1="1" ind2="3">
      <subfield code="a">La isla del Sol</subfield>
    </datafield>
    <datafield tag="245" ind1="1" ind2="3">
      <subfield code="a">La isla del Sol</subfield>
      <subfield code="h">[Manuscrito]</subfield>
      <subfield code="b">: Auto sacramental. Emp.: Déjame, no me detengas (p. 1)... Fin.: la isla del sol fin dio (p. 41)</subfield>
      <subfield code="c">Lope de Vega</subfield>
    </datafield>
    <datafield tag="260">
      <subfield code="a">1616</subfield>
    </datafield>
    <datafield tag="300">
      <subfield code="a">III h., 43 p.</subfield>
      <subfield code="c">21 x 16 cm.</subfield>
    </datafield>
    <datafield tag="500">
      <subfield code="a">Las p. 39-41 autógrafas con firma</subfield>
    </datafield>
    <datafield tag="529" ind1="0" ind2="0">
      <subfield code="a">Déjame, no me detengas (p. 1)... la isla del sol fin dio (p. 41)</subfield>
    </datafield>
    <datafield tag="561">
      <subfield code="a">Duque de Osuna e Infantado</subfield>
    </datafield>
    <datafield tag="596" ind1=" ">
      <subfield code="a">Al final: En Madrid, 6 de abril de 1616, sub corret. S.M.E., Pº. Alonso Riquelme</subfield>
    </datafield>
    <datafield tag="596">
      <subfield code="a">Licencias de Valencia, 1617, por Gaspar Escolano; Valladolid, 1616, por Francisco de Valdés. Y para otros dos Autos que debía representar la compañía de Alonso de Riquelme en las fiestas del Corpus de Valladolid en 1616</subfield>
    </datafield>
    <datafield tag="655" ind2="7">
      <subfield code="a">Teatro</subfield>
      <subfield code="2">tgfbne</subfield>
    </datafield>
    <datafield tag="655" ind2="7">
      <subfield code="a">Teatro</subfield>
      <subfield code="z">España</subfield>
      <subfield code="y">S.XVI-XVII</subfield>
    </datafield>
    <datafield tag="856" ind1="4" ind2="1">
      <subfield code="u">http://bdh-rd.bne.es/viewer.vm?id=0000099809&amp;page=1</subfield>
      <subfield code="y">Biblioteca Digital Hispánica</subfield>
    </datafield>
    <datafield tag="856" ind1="4" ind2="1">
      <subfield code="u">http://manos.net/manuscripts/bne/14-809-isla-la-del-sol-auto-sacramental</subfield>
      <subfield code="y">Manos teatrales</subfield>
    </datafield>
  </record>