
  <record>
    <leader>01362ctm a2200277 4500</leader>
    <controlfield tag="001">a4680029</controlfield>
    <controlfield tag="003">SpMaBN</controlfield>
    <controlfield tag="005">20181113004144.3</controlfield>
    <controlfield tag="008">100211s1615 sp 000 0 spa/ </controlfield>
    <datafield tag="035">
      <subfield code="a">(OCoLC)740341921</subfield>
    </datafield>
    <datafield tag="040">
      <subfield code="a">SpMaBN</subfield>
      <subfield code="b">spa</subfield>
      <subfield code="c">SpMaBN</subfield>
      <subfield code="e">rdc</subfield>
    </datafield>
    <datafield tag="100" ind1="1">
      <subfield code="a">Vega, Lope de</subfield>
      <subfield code="d">1562-1635</subfield>
    </datafield>
    <datafield tag="240" ind1="1" ind2="3">
      <subfield code="a">El labrador de La Mancha</subfield>
    </datafield>
    <datafield tag="245" ind1="1" ind2="3">
      <subfield code="a">El labrador de La Mancha</subfield>
      <subfield code="h">[Manuscrito] :</subfield>
      <subfield code="b">auto sacramental. Emp.: ¿Y a dónde alegre caminas (h. 2)... Fin.: el labrador de La Mancha (h. 27v)</subfield>
    </datafield>
    <datafield tag="260">
      <subfield code="a">1615</subfield>
    </datafield>
    <datafield tag="300">
      <subfield code="a">27 h.</subfield>
      <subfield code="c">23 x 16 cm.</subfield>
    </datafield>
    <datafield tag="510" ind1="4">
      <subfield code="a">Paz, Teatro (2ª ed.)</subfield>
      <subfield code="c">n. 1875</subfield>
    </datafield>
    <datafield tag="510" ind1="4">
      <subfield code="a">Paz, Julián, Catálogo de autos sacramentales, historiales y alegóricos por D. Jenaro Alenda, BRAE</subfield>
      <subfield code="c">V (1918), p. 371</subfield>
    </datafield>
    <datafield tag="529" ind1="0" ind2="0">
      <subfield code="a">¿Y a dónde alegre caminas (h. 2)... Fin.: el labrador de La Mancha (h. 27v)</subfield>
    </datafield>
    <datafield tag="581">
      <subfield code="a">Vega, Lope de, El bosque de amor, El labrador de la Mancha (autos sacramentales inéditos), ed. de Agustín de la Granja, Madrid, 2000</subfield>
    </datafield>
    <datafield tag="593">
      <subfield code="a">Agustín de la Granja atribuye este auto a Lope de Vega</subfield>
    </datafield>
    <datafield tag="596">
      <subfield code="a">En portada: 1615</subfield>
    </datafield>
    <datafield tag="655" ind1="7" ind2="7">
      <subfield code="a">Teatro</subfield>
      <subfield code="2">tgfbne</subfield>
    </datafield>
    <datafield tag="655" ind2="7">
      <subfield code="a">Teatro</subfield>
      <subfield code="z">España</subfield>
      <subfield code="y">S.XVI-XVII</subfield>
    </datafield>
    <datafield tag="856" ind1="4" ind2="1">
      <subfield code="u">http://bdh-rd.bne.es/viewer.vm?id=0000224802&amp;page=1</subfield>
      <subfield code="y">Biblioteca Digital Hispánica</subfield>
    </datafield>
    <datafield tag="856" ind1="4" ind2="1">
      <subfield code="u">http://manos.net/manuscripts/bne/15-810-labrador-el-de-la-mancha-villano-de-la-mancha-auto-sacramental</subfield>
      <subfield code="y">Manos teatrales</subfield>
    </datafield>
  </record>