
  <record>
    <leader>01036ctm a2200253 c 4500</leader>
    <controlfield tag="001">a5844949</controlfield>
    <controlfield tag="003">SpMaBN</controlfield>
    <controlfield tag="005">20160928131330.4</controlfield>
    <controlfield tag="008">160905s16uu sp 000 0 spa </controlfield>
    <datafield tag="035">
      <subfield code="a">(OCoLC)960387420</subfield>
    </datafield>
    <datafield tag="040">
      <subfield code="a">SpMaBN</subfield>
      <subfield code="b">spa</subfield>
      <subfield code="c">SpMaBN</subfield>
      <subfield code="e">rdc</subfield>
    </datafield>
    <datafield tag="100" ind1="1">
      <subfield code="a">Vega, Lope de</subfield>
      <subfield code="d">1562-1635</subfield>
      <subfield code="4">aut</subfield>
    </datafield>
    <datafield tag="245" ind1="1" ind2="0">
      <subfield code="a">[La Dragontea]</subfield>
      <subfield code="b">: [fragmento]</subfield>
    </datafield>
    <datafield tag="260">
      <subfield code="a">[S. XVII]</subfield>
    </datafield>
    <datafield tag="300">
      <subfield code="a">37 h.</subfield>
      <subfield code="c">21 x 15 cm</subfield>
    </datafield>
    <datafield tag="336">
      <subfield code="a">Texto (visual)</subfield>
      <subfield code="2">isbdcontent</subfield>
    </datafield>
    <datafield tag="337">
      <subfield code="a">sin mediación</subfield>
      <subfield code="2">isbdmedia</subfield>
    </datafield>
    <datafield tag="510" ind1="4">
      <subfield code="a">Sánchez Mariana, Manuel, "Un manuscrito fragmentario de La Dragontea y un soneto poco conocido de Lope", en Manuscrt. Cao, 2, 1989</subfield>
      <subfield code="c">pp. 21-23</subfield>
    </datafield>
    <datafield tag="520" ind1="2">
      <subfield code="a">Contiene solo los cantos III, IV y V (incompleto)</subfield>
    </datafield>
    <datafield tag="596">
      <subfield code="a">Sánchez Mariana lo data en la 2ª mital del S. XVII</subfield>
    </datafield>
    <datafield tag="597">
      <subfield code="a">Dos foliaciones antiguas tachadas: una de la h. 118-154; la otra, probablemente de época, de la h. 1-74</subfield>
    </datafield>
    <datafield tag="597">
      <subfield code="a">Pérdida de papel en h. 10; desgarro en h. 11, sin afectar al texto</subfield>
    </datafield>
    <datafield tag="655" ind2="7">
      <subfield code="a">Manuscritos</subfield>
      <subfield code="2">tgfbne</subfield>
    </datafield>
    <datafield tag="655" ind2="7">
      <subfield code="a">Poesías épicas</subfield>
      <subfield code="2">tgfbne</subfield>
    </datafield>
  </record>