
  <record>
    <leader>01589ctm a2200337 i 4500</leader>
    <controlfield tag="001">a4777557</controlfield>
    <controlfield tag="003">SpMaBN</controlfield>
    <controlfield tag="005">20180614000000.5</controlfield>
    <controlfield tag="008">100622s1828 sp 000 0 spa </controlfield>
    <datafield tag="035">
      <subfield code="a">(OCoLC)740348371</subfield>
    </datafield>
    <datafield tag="040">
      <subfield code="a">SpMaBN</subfield>
      <subfield code="b">spa</subfield>
      <subfield code="c">SpMaBN</subfield>
      <subfield code="e">rdc</subfield>
    </datafield>
    <datafield tag="100" ind1="1">
      <subfield code="a">Vega, Lope de</subfield>
      <subfield code="d">1562-1635</subfield>
    </datafield>
    <datafield tag="240" ind1="1" ind2="3">
      <subfield code="a">La lealtad en la traición</subfield>
    </datafield>
    <datafield tag="245" ind1="1" ind2="3">
      <subfield code="a">La lealtad en la traición</subfield>
      <subfield code="h">[Manuscrito] :</subfield>
      <subfield code="b">comedia famosa. Emp.: ¡Detente! (h. 1)... Fin.: y el honor en el agravio (h. 8v)</subfield>
    </datafield>
    <datafield tag="260">
      <subfield code="a">1828</subfield>
    </datafield>
    <datafield tag="300">
      <subfield code="a">8 h.</subfield>
      <subfield code="c">22 x 14 cm.</subfield>
    </datafield>
    <datafield tag="500">
      <subfield code="a">Texto con correcciones</subfield>
    </datafield>
    <datafield tag="500">
      <subfield code="a">Sello de Agustín Durán</subfield>
    </datafield>
    <datafield tag="500">
      <subfield code="a">En portada: Representola Prado</subfield>
    </datafield>
    <datafield tag="510" ind1="4">
      <subfield code="a">Paz, Teatro (2ª ed.)</subfield>
      <subfield code="c">n. 1893</subfield>
    </datafield>
    <datafield tag="510" ind1="4">
      <subfield code="a">Morley-Bruerton, Cronología de las comedias de Lope de Vega</subfield>
      <subfield code="c">p. 491</subfield>
    </datafield>
    <datafield tag="510" ind1="4">
      <subfield code="a">Pérez y Pérez, María Cruz, Bibliografía del teatro de Lope de Vega, Madrid, 1973</subfield>
      <subfield code="c">n. 137</subfield>
    </datafield>
    <datafield tag="510" ind1="4">
      <subfield code="a">Obras de Lope de Vega, RAE, Madrid, 1917</subfield>
      <subfield code="c">vol. VII, p. XII</subfield>
    </datafield>
    <datafield tag="510" ind1="4">
      <subfield code="a">Urzáiz Tortajada, Héctor, Catálogo de autores teatrales del siglo XVII, Madrid, 2002</subfield>
      <subfield code="c">vol. II, p. 668</subfield>
    </datafield>
    <datafield tag="529" ind1="0" ind2="0">
      <subfield code="a">¡Detente! (h. 1)... y el honor en el agravio (h. 8v)</subfield>
    </datafield>
    <datafield tag="561">
      <subfield code="a">Agustín Durán</subfield>
    </datafield>
    <datafield tag="593">
      <subfield code="a">Atribuida por Cotarelo y Mori y en este Mss. a Lope de Vega, erróneamente según Morley-Bruerton</subfield>
    </datafield>
    <datafield tag="594">
      <subfield code="a">En portada: De Lope de Vega Carpio</subfield>
    </datafield>
    <datafield tag="596">
      <subfield code="a">Copia de Agustín Durán en Madrid, el 23 de octubre de 1828, de la impresa en la colección de Manuel Casal</subfield>
    </datafield>
    <datafield tag="655" ind1="7" ind2="7">
      <subfield code="a">Teatro</subfield>
      <subfield code="2">tgfbne</subfield>
    </datafield>
    <datafield tag="856" ind1="4" ind2="1">
      <subfield code="u">http://bdh-rd.bne.es/viewer.vm?id=0000236976&amp;page=1</subfield>
      <subfield code="y">Biblioteca Digital Hispánica</subfield>
    </datafield>
  </record>