
  <record>
    <leader>03044ctm a2200421 4500</leader>
    <controlfield tag="001">a4615369</controlfield>
    <controlfield tag="003">SpMaBN</controlfield>
    <controlfield tag="005">20180120000000.7</controlfield>
    <controlfield tag="008">091015s1781 sp 000 0 spa </controlfield>
    <datafield tag="040">
      <subfield code="a">SpMaBN</subfield>
      <subfield code="b">spa</subfield>
      <subfield code="c">SpMaBN</subfield>
      <subfield code="e">rdc</subfield>
    </datafield>
    <datafield tag="100" ind1="1">
      <subfield code="a">Vega, Lope de</subfield>
      <subfield code="d">1562-1635</subfield>
      <subfield code="0">http://datos.bne.es/resource/XX1719671</subfield>
    </datafield>
    <datafield tag="245" ind1="1" ind2="0">
      <subfield code="a">Libro de comedias antiguas, no impresas</subfield>
      <subfield code="h">[Manuscrito]</subfield>
      <subfield code="p">Tomo II</subfield>
      <subfield code="c">de Lope de Vega Carpio, escritas y firmadas de su propia mano y letra, sacadas de sus tomos originales, que con sus correcciones, censuras y licencias necessarias, se hallan en el archivo del Exmo. Sr. Duque de Sesa, por Dn. Migu el Sanz de Pliegos, su archivero ...</subfield>
    </datafield>
    <datafield tag="260">
      <subfield code="a">1781</subfield>
    </datafield>
    <datafield tag="300">
      <subfield code="a">[388] h.</subfield>
      <subfield code="c">20 x 15 cm</subfield>
    </datafield>
    <datafield tag="500">
      <subfield code="a">Texto con correcciones</subfield>
    </datafield>
    <datafield tag="500">
      <subfield code="a">V.a. Mss/15443, con el título El blasón de los Chaves de Villalba, para la primera obra</subfield>
    </datafield>
    <datafield tag="505" ind1="0">
      <subfield code="a">El blasón de los Chaves. Emp.: Vuelvo a decir mil veces norabuena (h. 5)... Fin.: senado ilustre, fin tiene (h. 100). Laura perseguida. Emp.: Dese a prisión vuestra alteza (h. 105)... Fin.: viva Laura perseguida (h. 191v). El l eal criado. Emp.: A eso habemos venido (h. 197)... Fin.: ni ha llegado, ni ha faltado (h. 293). Carlos V en Francia. Emp.: Fuera, digo (h. 297)... Fin.: César Carlos V en Francia (h. 382)</subfield>
    </datafield>
    <datafield tag="510" ind1="4">
      <subfield code="a">Paz, Teatro (2ª ed.)</subfield>
      <subfield code="c">n. 408</subfield>
    </datafield>
    <datafield tag="529" ind1="0" ind2="0">
      <subfield code="a">Vuelvo a decir mil veces norabuena (h. 5)... senado ilustre, fin tiene (h. 100)</subfield>
    </datafield>
    <datafield tag="529" ind1="0" ind2="0">
      <subfield code="a">Dese a prisión vuestra alteza (h. 105)... viva Laura perseguida (h. 191v)</subfield>
    </datafield>
    <datafield tag="529" ind1="0" ind2="0">
      <subfield code="a">A eso habemos venido (h. 197)... ni ha llegado, ni ha faltado (h. 293)</subfield>
    </datafield>
    <datafield tag="529" ind1="0" ind2="0">
      <subfield code="a">Fuera, digo (h. 297)... César Carlos V en Francia (h. 382)</subfield>
    </datafield>
    <datafield tag="541" ind1="1">
      <subfield code="c">Donativo de</subfield>
      <subfield code="a">Tomás Rodríguez Rubí</subfield>
    </datafield>
    <datafield tag="546">
      <subfield code="a">Letra de al menos dos manos diferentes</subfield>
    </datafield>
    <datafield tag="594">
      <subfield code="a">Título en el tejuelo: Comedias de Lope manuscritas</subfield>
    </datafield>
    <datafield tag="596">
      <subfield code="a">Copiado de los originales del archivo del Duque de Sesa, por Miguel Sanz de Pliegos, en Madrid, el 20 de noviembre de 1781</subfield>
    </datafield>
    <datafield tag="597">
      <subfield code="a">Título e índice enmarcado en doble filete; texto enmarcado en tinta roja</subfield>
    </datafield>
    <datafield tag="597">
      <subfield code="a">Cada obra con portada propia en tinta roja y/o negra</subfield>
    </datafield>
    <datafield tag="597">
      <subfield code="a">En blanco las h. 4v, 34v, 66v, 102, 104v, 193-194, 196v, 326v y 385-388</subfield>
    </datafield>
    <datafield tag="597">
      <subfield code="a">Parcialmente sueltas las h. 221-222</subfield>
    </datafield>
    <datafield tag="655" ind2="7">
      <subfield code="a">Teatro</subfield>
      <subfield code="z">España</subfield>
      <subfield code="y">S.XVI-XVII</subfield>
      <subfield code="2">tgfbne</subfield>
    </datafield>
    <datafield tag="700" ind1="1">
      <subfield code="a">Vega, Lope de</subfield>
      <subfield code="d">1562-1635</subfield>
      <subfield code="t">El blasón de los Chaves de Villalba</subfield>
      <subfield code="0">http://datos.bne.es/resource/XX4829868</subfield>
    </datafield>
    <datafield tag="700" ind1="1">
      <subfield code="a">Vega, Lope de</subfield>
      <subfield code="d">1562-1635</subfield>
      <subfield code="t">Laura perseguida</subfield>
      <subfield code="0">http://datos.bne.es/resource/XX2219444</subfield>
    </datafield>
    <datafield tag="700" ind1="1">
      <subfield code="a">Vega, Lope de</subfield>
      <subfield code="d">1562-1635</subfield>
      <subfield code="t">El leal criado</subfield>
      <subfield code="0">http://datos.bne.es/resource/XX2219446</subfield>
    </datafield>
    <datafield tag="700" ind1="1">
      <subfield code="a">Vega, Lope de</subfield>
      <subfield code="d">1562-1635</subfield>
      <subfield code="t">Carlos V en Francia</subfield>
      <subfield code="0">http://datos.bne.es/resource/XX2219335</subfield>
    </datafield>
    <datafield tag="700" ind1="1">
      <subfield code="a">Sessa, Luis Fernández de Córdoba Cardona y Aragón,</subfield>
      <subfield code="c">duque de</subfield>
      <subfield code="d">1582-1645?</subfield>
      <subfield code="0">http://datos.bne.es/resource/XX1154794</subfield>
    </datafield>
    <datafield tag="700" ind1="1">
      <subfield code="a">Sanz de Pliegos, Miguel</subfield>
      <subfield code="0">http://datos.bne.es/resource/XX5598697</subfield>
    </datafield>
    <datafield tag="856" ind1="4" ind2="1">
      <subfield code="u">http://bdh-rd.bne.es/viewer.vm?id=0000201961&amp;page=1</subfield>
      <subfield code="y">Biblioteca Digital Hispánica</subfield>
    </datafield>
  </record>