
  <record>
    <leader>02411ctm a2200361 4500</leader>
    <controlfield tag="001">a4616662</controlfield>
    <controlfield tag="003">SpMaBN</controlfield>
    <controlfield tag="005">20181113004140.3</controlfield>
    <controlfield tag="008">091019s1781 sp 000 0 spa/ </controlfield>
    <datafield tag="035">
      <subfield code="a">(OCoLC)740336941</subfield>
    </datafield>
    <datafield tag="040">
      <subfield code="a">SpMaBN</subfield>
      <subfield code="b">spa</subfield>
      <subfield code="c">SpMaBN</subfield>
      <subfield code="e">rdc</subfield>
    </datafield>
    <datafield tag="100" ind1="1">
      <subfield code="a">Vega, Lope de</subfield>
      <subfield code="d">1562-1635</subfield>
      <subfield code="0">http://datos.bne.es/resource/XX1719671</subfield>
    </datafield>
    <datafield tag="245" ind1="1" ind2="0">
      <subfield code="a">Libro de comedias antiguas no impresas</subfield>
      <subfield code="h">[Manuscrito]</subfield>
      <subfield code="p">Tomo VI</subfield>
      <subfield code="c">de Lope de Vega Carpio, escritas y firmadas de su propia mano y letra ; copiadas de sus tomos originales que, con sus correcciones, censuras y licencias, se hallan en el Archivo del Duque de Sessa, por D. Miguel Sanz de Pliegos, su Archivero</subfield>
    </datafield>
    <datafield tag="260">
      <subfield code="a">1781</subfield>
    </datafield>
    <datafield tag="300">
      <subfield code="a">188 h.</subfield>
      <subfield code="c">22 x 16 cm.</subfield>
    </datafield>
    <datafield tag="500">
      <subfield code="a">Sello de Agustín Durán</subfield>
    </datafield>
    <datafield tag="500">
      <subfield code="a">Texto con correcciones</subfield>
    </datafield>
    <datafield tag="500">
      <subfield code="a">V.a. Mss/16061</subfield>
    </datafield>
    <datafield tag="505" ind1="0">
      <subfield code="a">El cuerdo loco o Veneno saludable. Emp.: Tente, hermano (h. 4)... Fin.: la historia del cuerdo loco (h. 96v). La contienda de García de Paredes y el capitán Juan de Urbina. Emp.: Si por la capa lo habéis (h. 102)...Fin.: Si se rán de Paredes o de Urbina (h. 188)</subfield>
    </datafield>
    <datafield tag="510" ind1="4">
      <subfield code="a">Paz, Teatro (2ª ed.)</subfield>
      <subfield code="c">n. 1912</subfield>
    </datafield>
    <datafield tag="510" ind1="4">
      <subfield code="a">Inventario de la Librería que fue del Excmo. Sr. D. Agustín Durán, comprada por el Gobierno de S.M. con destino a la Biblioteca Nacional, en virtud de Real Orden fecha en 27 de junio de 1863, en Memoria remitida al Excmo. Sr. Ministro de Fomento..., por el Director de la Biblioteca Nacional, Madrid, 1865</subfield>
      <subfield code="c">p. 111</subfield>
    </datafield>
    <datafield tag="510" ind1="4">
      <subfield code="a">Montesinos, José F., El cuerdo loco, Madrid, Centro de Estudios Históricos, 1922</subfield>
      <subfield code="c">p. 135 nota</subfield>
    </datafield>
    <datafield tag="510" ind1="4">
      <subfield code="a">García Lorenzo, Luciano, El figurón, texto y puesta en escena, Madrid, 2007</subfield>
      <subfield code="c">p. 113</subfield>
    </datafield>
    <datafield tag="529" ind1="0" ind2="0">
      <subfield code="a">Tente, hermano (h. 4)... la historia del cuerdo loco (h. 96v)</subfield>
    </datafield>
    <datafield tag="529" ind1="0" ind2="0">
      <subfield code="a">Si por la capa lo habéis (h. 102)... Si serán de Paredes o de Urbina (h. 188)</subfield>
    </datafield>
    <datafield tag="561">
      <subfield code="a">Agustín Durán</subfield>
    </datafield>
    <datafield tag="597">
      <subfield code="a">En blanco las h. 99v-100</subfield>
    </datafield>
    <datafield tag="655" ind1="7" ind2="7">
      <subfield code="a">Teatro</subfield>
      <subfield code="2">tgfbne</subfield>
    </datafield>
    <datafield tag="655" ind2="7">
      <subfield code="a">Teatro</subfield>
      <subfield code="z">España</subfield>
      <subfield code="y">S.XVI-XVII</subfield>
    </datafield>
    <datafield tag="700" ind1="1">
      <subfield code="a">Sanz de Pliegos, José</subfield>
      <subfield code="0">http://datos.bne.es/resource/XX4909312</subfield>
    </datafield>
    <datafield tag="700" ind1="1">
      <subfield code="a">Vega, Lope de</subfield>
      <subfield code="d">1562-1635</subfield>
      <subfield code="t">El cuerdo loco</subfield>
      <subfield code="0">http://datos.bne.es/resource/XX2219358</subfield>
    </datafield>
    <datafield tag="700" ind1="1">
      <subfield code="a">Vega, Lope de</subfield>
      <subfield code="d">1562-1635</subfield>
      <subfield code="t">La contienda de García de Paredes y el capitán Juan de Urbina</subfield>
      <subfield code="0">http://datos.bne.es/resource/XX4869278</subfield>
    </datafield>
    <datafield tag="856" ind1="4" ind2="1">
      <subfield code="u">http://bdh-rd.bne.es/viewer.vm?id=0000190331&amp;page=1</subfield>
      <subfield code="y">Biblioteca Digital Hispánica</subfield>
    </datafield>
  </record>