
  <record>
    <leader>01244ctm a2200241 i 4500</leader>
    <controlfield tag="001">a4782257</controlfield>
    <controlfield tag="003">SpMaBN</controlfield>
    <controlfield tag="005">20180616000000.7</controlfield>
    <controlfield tag="008">100629q18011900sp 000 0 spa </controlfield>
    <datafield tag="035">
      <subfield code="a">(OCoLC)740348949</subfield>
    </datafield>
    <datafield tag="040">
      <subfield code="a">SpMaBN</subfield>
      <subfield code="b">spa</subfield>
      <subfield code="c">SpMaBN</subfield>
      <subfield code="e">rdc</subfield>
    </datafield>
    <datafield tag="100" ind1="1">
      <subfield code="a">Vega, Lope de</subfield>
      <subfield code="d">1562-1635</subfield>
    </datafield>
    <datafield tag="245" ind1="1" ind2="0">
      <subfield code="a">Loa a la segunda parte de Las fortunas de Ruy Lope Dávalos, que escribió Damián Salustio Poyo con título de La adversa fortuna de Ruy Lope de Ávalos</subfield>
      <subfield code="h">[Manuscrito] .</subfield>
      <subfield code="b">Emp.: Estando el Rey Fernando valeroso (h. 1)... Fin.: en voluntad y ánimo nos sobra (h. 1)</subfield>
      <subfield code="c">de Lope de Vega</subfield>
    </datafield>
    <datafield tag="260">
      <subfield code="a">S.XIX</subfield>
    </datafield>
    <datafield tag="300">
      <subfield code="a">1 h.</subfield>
      <subfield code="c">23 x 17 cm.</subfield>
    </datafield>
    <datafield tag="500">
      <subfield code="a">Nota sobre las comedias para las que está escrita la loa, en h. 1</subfield>
    </datafield>
    <datafield tag="510" ind1="4">
      <subfield code="a">Paz, Teatro (2ª ed.)</subfield>
      <subfield code="c">n. 1981</subfield>
    </datafield>
    <datafield tag="510" ind1="4">
      <subfield code="a">Urzáiz Tortajada, Héctor, Catálogo de autores teatrales del siglo XVII, Madrid, 2002</subfield>
      <subfield code="c">vol. II, p. 691</subfield>
    </datafield>
    <datafield tag="510" ind1="4">
      <subfield code="a">Pérez y Pérez, María Cruz, Bibliografía del teatro de Lope de Vega, Madrid, 1973</subfield>
      <subfield code="c">n. 150</subfield>
    </datafield>
    <datafield tag="529" ind1="0" ind2="0">
      <subfield code="a">Estando el Rey Fernando valeroso (h. 1)... en voluntad y ánimo nos sobra (h. 1)</subfield>
    </datafield>
    <datafield tag="596">
      <subfield code="a">Copia de Agustín Durán</subfield>
    </datafield>
    <datafield tag="655" ind1="7" ind2="7">
      <subfield code="a">Teatro</subfield>
      <subfield code="2">tgfbne</subfield>
    </datafield>
    <datafield tag="856" ind1="4" ind2="1">
      <subfield code="u">http://bdh-rd.bne.es/viewer.vm?id=0000237279&amp;page=1</subfield>
      <subfield code="y">Biblioteca Digital Hispánica</subfield>
    </datafield>
  </record>