
  <record>
    <leader>01408ntd a2200301 c 4500</leader>
    <controlfield tag="001">a5727145</controlfield>
    <controlfield tag="003">SpMaBN</controlfield>
    <controlfield tag="005">20180129124424.2</controlfield>
    <controlfield tag="008">151215s16uu sp 0000 spa </controlfield>
    <datafield tag="035">
      <subfield code="a">(OCoLC)933574416</subfield>
    </datafield>
    <datafield tag="040">
      <subfield code="a">SpMaBN</subfield>
      <subfield code="b">spa</subfield>
      <subfield code="c">SpMaBN</subfield>
      <subfield code="e">rdc</subfield>
    </datafield>
    <datafield tag="100" ind1="1">
      <subfield code="a">Vega, Lope de</subfield>
      <subfield code="d">1562-1635</subfield>
      <subfield code="4">aut</subfield>
    </datafield>
    <datafield tag="245" ind1="1" ind2="3">
      <subfield code="a">La locura por la honra</subfield>
      <subfield code="b">:comedia famosa. Emp.: Detenerme (h. 3)...Fin.: Pues merezco a doña Blanca (h. 27)</subfield>
      <subfield code="c">de fray Lope Félix de Vega y Carpio</subfield>
    </datafield>
    <datafield tag="260">
      <subfield code="a">S. XVII</subfield>
    </datafield>
    <datafield tag="300">
      <subfield code="a">27 h.</subfield>
      <subfield code="c">22 x 16 cm</subfield>
    </datafield>
    <datafield tag="336">
      <subfield code="a">Texto (visual)</subfield>
      <subfield code="2">isbdcontent</subfield>
    </datafield>
    <datafield tag="337">
      <subfield code="a">sin mediación</subfield>
      <subfield code="2">isbdmedia</subfield>
    </datafield>
    <datafield tag="500">
      <subfield code="a">V.a. Mss/17315, y Mss/15302, con el título La locura por el alma</subfield>
    </datafield>
    <datafield tag="529" ind1="0" ind2="0">
      <subfield code="a">Detenerme (h. 3)... Pues merezco a doña Blanca (h. 27)</subfield>
    </datafield>
    <datafield tag="541">
      <subfield code="c">Donado por</subfield>
      <subfield code="a">Eugenio Hartzenbusch Hiriart</subfield>
      <subfield code="d">1910</subfield>
    </datafield>
    <datafield tag="561" ind1="1">
      <subfield code="a">Juan Eugenio Hartzenbusch</subfield>
    </datafield>
    <datafield tag="580">
      <subfield code="a">Forma parte de los Papeles de Juan Eugenio Hartzenbusch, serie Obras de creación literaria ajena</subfield>
    </datafield>
    <datafield tag="655" ind2="7">
      <subfield code="a">Manuscritos</subfield>
      <subfield code="2">tgfbne</subfield>
    </datafield>
    <datafield tag="655" ind2="7">
      <subfield code="a">Archivos personales</subfield>
      <subfield code="2">tgfbne</subfield>
    </datafield>
    <datafield tag="655" ind2="7">
      <subfield code="a">Teatro</subfield>
      <subfield code="2">tgfbne</subfield>
    </datafield>
    <datafield tag="787" ind1="1" ind2="8">
      <subfield code="w">a5524983</subfield>
      <subfield code="i">Documentos del fondo</subfield>
      <subfield code="t">Papeles de Hartzenbusch</subfield>
    </datafield>
    <datafield tag="787" ind1="1" ind2="8">
      <subfield code="i">Documentos del fondo</subfield>
      <subfield code="t">Papeles de Hartzenbusch, serie Obras de creación literaria ajena</subfield>
      <subfield code="w">a5532410</subfield>
    </datafield>
    <datafield tag="856" ind1="4" ind2="8">
      <subfield code="u">http://catalogo.bne.es/uhtbin/cgisirsi/0/x/0/05?searchdata1= a5524983{CKEY}</subfield>
      <subfield code="y">Descripción general del fondo Papeles de Juan Eugenio de Hartzenbusch</subfield>
    </datafield>
  </record>