
  <record>
    <leader>01390ntm a2200325 4500</leader>
    <controlfield tag="001">Miam0000010194</controlfield>
    <controlfield tag="003">SpMaBN</controlfield>
    <controlfield tag="005">20181117133346.7</controlfield>
    <controlfield tag="008">060405s1617 sp spa </controlfield>
    <datafield tag="016" ind1="7">
      <subfield code="a">biamBNE20060004262</subfield>
      <subfield code="2">SpMaBN</subfield>
    </datafield>
    <datafield tag="035">
      <subfield code="a">(OCoLC)430987065</subfield>
    </datafield>
    <datafield tag="040">
      <subfield code="a">SpMaBN</subfield>
      <subfield code="b">spa</subfield>
      <subfield code="c">SpMaBN</subfield>
      <subfield code="e">rdc</subfield>
    </datafield>
    <datafield tag="100" ind1="1">
      <subfield code="a">Vega, Lope de</subfield>
      <subfield code="d">1562-1635</subfield>
      <subfield code="0">http://datos.bne.es/resource/XX1719671</subfield>
    </datafield>
    <datafield tag="240" ind1="1" ind2="0">
      <subfield code="a">Lo que pasa en una tarde</subfield>
    </datafield>
    <datafield tag="245" ind1="1" ind2="0">
      <subfield code="a">Lo que pasa en una tarde :</subfield>
      <subfield code="b">comedia. Emp.: Amores bien empleados (h. 4)... Fin.: y antes que luces se enciendan (h. 68)</subfield>
    </datafield>
    <datafield tag="260">
      <subfield code="a">1617</subfield>
    </datafield>
    <datafield tag="300">
      <subfield code="a">71 h.</subfield>
      <subfield code="c">22 x 16 cm</subfield>
    </datafield>
    <datafield tag="336">
      <subfield code="a">Texto (visual)</subfield>
    </datafield>
    <datafield tag="337">
      <subfield code="a">sin mediación</subfield>
    </datafield>
    <datafield tag="500">
      <subfield code="a">Autógrafo con correcciones y firma</subfield>
    </datafield>
    <datafield tag="500">
      <subfield code="a">V.a. Mss/15110</subfield>
    </datafield>
    <datafield tag="510" ind1="4">
      <subfield code="a">Paz, Teatro (2ª ed.)</subfield>
      <subfield code="c">n. 1934</subfield>
    </datafield>
    <datafield tag="581" ind1="8">
      <subfield code="a">Critical annotated edition of the autograph manuscript by Richard Angelo Picerno. Chappel Hill, 1971</subfield>
    </datafield>
    <datafield tag="596">
      <subfield code="a">Al final: En Madrid a 22 de noviembre de 1617. Licencia de representación de Tomás Gracián Dantisco. Madrid,10 diciembre 1617</subfield>
    </datafield>
    <datafield tag="597">
      <subfield code="a">Varias h. en blanco</subfield>
    </datafield>
    <datafield tag="655" ind2="7">
      <subfield code="a">Manuscritos</subfield>
      <subfield code="2">tgfbne</subfield>
    </datafield>
    <datafield tag="655" ind2="7">
      <subfield code="a">Teatro</subfield>
      <subfield code="2">tgfbne</subfield>
    </datafield>
    <datafield tag="655" ind2="7">
      <subfield code="a">Teatro</subfield>
      <subfield code="z">España</subfield>
      <subfield code="y">S.XVI-XVII</subfield>
      <subfield code="2">tgfbne</subfield>
    </datafield>
    <datafield tag="856" ind1="4" ind2="1">
      <subfield code="u">http://bdh-rd.bne.es/viewer.vm?id=0000099808&amp;page=1</subfield>
      <subfield code="y">Biblioteca Digital Hispánica</subfield>
    </datafield>
    <datafield tag="856" ind1="4" ind2="1">
      <subfield code="u">http://manos.net/manuscripts/bne/res-92-lo-que-pasa-en-una-tarde</subfield>
      <subfield code="y">Manos teatrales</subfield>
    </datafield>
  </record>