
  <record>
    <leader>01296ctm a2200289 i 4500</leader>
    <controlfield tag="001">a4772688</controlfield>
    <controlfield tag="003">SpMaBN</controlfield>
    <controlfield tag="005">20181113004146.3</controlfield>
    <controlfield tag="008">100615q16001700sp 000 0spa/ </controlfield>
    <datafield tag="035">
      <subfield code="a">(OCoLC)740347994</subfield>
    </datafield>
    <datafield tag="040">
      <subfield code="a">SpMaBN</subfield>
      <subfield code="b">spa</subfield>
      <subfield code="c">SpMaBN</subfield>
      <subfield code="e">rdc</subfield>
    </datafield>
    <datafield tag="100" ind1="1">
      <subfield code="a">Vega, Lope de</subfield>
      <subfield code="d">1562-1635</subfield>
    </datafield>
    <datafield tag="245" ind1="1" ind2="3">
      <subfield code="a">El mármol de Felisardo</subfield>
      <subfield code="h">[Manuscrito] :</subfield>
      <subfield code="b">comedia famosa en tres jornadas. Emp.: Devolvértele prometo (h. 2)... Fin.: al mármol de Felisardo (h. 59)</subfield>
      <subfield code="c">de Lope de Vega Carpio</subfield>
    </datafield>
    <datafield tag="260">
      <subfield code="a">S.XVII</subfield>
    </datafield>
    <datafield tag="300">
      <subfield code="a">59 h.</subfield>
      <subfield code="c">23 x 17 cm.</subfield>
    </datafield>
    <datafield tag="500">
      <subfield code="a">Texto con correcciones</subfield>
    </datafield>
    <datafield tag="510" ind1="4">
      <subfield code="a">Paz, Teatro (2ª ed.)</subfield>
      <subfield code="c">n. 2223</subfield>
    </datafield>
    <datafield tag="510" ind1="4">
      <subfield code="a">Rocamora, Osuna</subfield>
      <subfield code="c">n. 792</subfield>
    </datafield>
    <datafield tag="510" ind1="4">
      <subfield code="a">Pérez y Pérez, María Cruz, Bibliografía del teatro de Lope de Vega, Madrid, 1973</subfield>
      <subfield code="c">n. 161</subfield>
    </datafield>
    <datafield tag="510" ind1="4">
      <subfield code="a">Urzáiz Tortajada, Héctor, Catálogo de autores teatrales del siglo XVII, Madrid, 2002</subfield>
      <subfield code="c">vol. II, p. 670</subfield>
    </datafield>
    <datafield tag="529" ind1="0" ind2="0">
      <subfield code="a">Devolvértele prometo (h. 2)... al mármol de Felisardo (h. 59)</subfield>
    </datafield>
    <datafield tag="561">
      <subfield code="a">Duque de Osuna e Infantado</subfield>
    </datafield>
    <datafield tag="597">
      <subfield code="a">Restaurada la h. 2</subfield>
    </datafield>
    <datafield tag="655" ind1="7" ind2="7">
      <subfield code="a">Teatro </subfield>
      <subfield code="2">tgfbne</subfield>
    </datafield>
    <datafield tag="655" ind2="7">
      <subfield code="a">Teatro</subfield>
      <subfield code="z">España</subfield>
      <subfield code="y">S.XVI-XVII</subfield>
    </datafield>
    <datafield tag="856" ind1="4" ind2="1">
      <subfield code="u">http://bdh-rd.bne.es/viewer.vm?id=0000217422&amp;page=1</subfield>
      <subfield code="y">Biblioteca Digital Hispánica</subfield>
    </datafield>
    <datafield tag="856" ind1="4" ind2="1">
      <subfield code="u">http://manos.net/manuscripts/bne/17-339-marmol-el-de-felisardo</subfield>
      <subfield code="y">Manos teatrales</subfield>
    </datafield>
  </record>