
  <record>
    <leader>01122ctm a2200265 4500</leader>
    <controlfield tag="001">a4517231</controlfield>
    <controlfield tag="003">SpMaBN</controlfield>
    <controlfield tag="005">20181113004139.3</controlfield>
    <controlfield tag="008">090504i18181827sp 000 0 spa/ </controlfield>
    <datafield tag="035">
      <subfield code="a">(OCoLC)740327214</subfield>
    </datafield>
    <datafield tag="040">
      <subfield code="a">SpMaBN</subfield>
      <subfield code="b">spa</subfield>
      <subfield code="c">SpMaBN</subfield>
      <subfield code="e">rdc</subfield>
    </datafield>
    <datafield tag="100" ind1="1">
      <subfield code="a">Vega, Lope de</subfield>
      <subfield code="d">1562-1635</subfield>
    </datafield>
    <datafield tag="240" ind1="1" ind2="3">
      <subfield code="a">El mejor alcalde el rey</subfield>
    </datafield>
    <datafield tag="245" ind1="1" ind2="3">
      <subfield code="a">El mejor alcalde, el Rey</subfield>
      <subfield code="h">[Manuscrito] :</subfield>
      <subfield code="b">comedia en cinco actos. Emp.: Nobles campos de Galicia (h. 2)... Fin.: de tiranos, ¿a qué reina? (h. 80)</subfield>
      <subfield code="c">[Lope de Vega]</subfield>
    </datafield>
    <datafield tag="260">
      <subfield code="a">1818-1827</subfield>
    </datafield>
    <datafield tag="300">
      <subfield code="a">83 h.</subfield>
      <subfield code="c">22 x 16 cm.</subfield>
    </datafield>
    <datafield tag="500">
      <subfield code="a">Texto con correcciones</subfield>
    </datafield>
    <datafield tag="500">
      <subfield code="a">Adiciones y notas (h. 81-82)</subfield>
    </datafield>
    <datafield tag="510" ind1="4">
      <subfield code="a">Paz, Teatro (2ª ed.)</subfield>
      <subfield code="c">n. 2328</subfield>
    </datafield>
    <datafield tag="529" ind1="0" ind2="0">
      <subfield code="a"> Nobles campos de Galicia (h. 2)... de tiranos, ¿a qué reina? (h. 83)</subfield>
    </datafield>
    <datafield tag="596">
      <subfield code="a">Aprobada, en Oviedo, el 16 de noviembre de 1818; en Bilbao, el 16 de mayo de 1819; en Pamplona, año de 1827</subfield>
    </datafield>
    <datafield tag="597">
      <subfield code="a">En blanco las h. 19-20, 34, 48v, 60v y 73</subfield>
    </datafield>
    <datafield tag="655" ind1="7" ind2="7">
      <subfield code="a">Teatro</subfield>
      <subfield code="2">tgfbne</subfield>
    </datafield>
    <datafield tag="655" ind2="7">
      <subfield code="a">Teatro</subfield>
      <subfield code="z">España</subfield>
      <subfield code="y">S.XVI-XVII</subfield>
    </datafield>
    <datafield tag="856" ind1="4" ind2="1">
      <subfield code="u">http://bdh-rd.bne.es/viewer.vm?id=0000209387&amp;page=1</subfield>
      <subfield code="y">Biblioteca Digital Hispánica</subfield>
    </datafield>
  </record>