
  <record>
    <leader>00922ntm a2200241 4500</leader>
    <controlfield tag="001">Miam0000010300</controlfield>
    <controlfield tag="003">SpMaBN</controlfield>
    <controlfield tag="005">20180730153744.2</controlfield>
    <controlfield tag="008">060419s1613 spa </controlfield>
    <datafield tag="016" ind1="7">
      <subfield code="a">biamBNE20060005320</subfield>
      <subfield code="2">SpMaBN</subfield>
    </datafield>
    <datafield tag="035">
      <subfield code="a">(OCoLC)430987309</subfield>
    </datafield>
    <datafield tag="040">
      <subfield code="a">SpMaBN</subfield>
      <subfield code="b">spa</subfield>
      <subfield code="c">SpMaBN</subfield>
      <subfield code="e">rdc</subfield>
    </datafield>
    <datafield tag="100" ind1="1">
      <subfield code="a">Vega, Lope de</subfield>
      <subfield code="d">1562-1635</subfield>
    </datafield>
    <datafield tag="245" ind1="1" ind2="0">
      <subfield code="a">Mojiganga de Roxillas</subfield>
      <subfield code="h">[Manuscrito]</subfield>
      <subfield code="b">. Emp.: ¡Afuera! ¡afuera! que salen (h. 1)... Fin.: de mi corazón (h. 4)</subfield>
    </datafield>
    <datafield tag="260">
      <subfield code="a">1613</subfield>
    </datafield>
    <datafield tag="300">
      <subfield code="a">4 h.</subfield>
      <subfield code="c">22 x 16 cm.</subfield>
    </datafield>
    <datafield tag="500">
      <subfield code="a">Firma autógrafa en h. 4v</subfield>
    </datafield>
    <datafield tag="510" ind1="4">
      <subfield code="a">Paz, Teatro (2ª ed.)</subfield>
      <subfield code="c">n. 3201</subfield>
    </datafield>
    <datafield tag="541">
      <subfield code="c">Compra</subfield>
      <subfield code="a">Sr. Cotarelo</subfield>
      <subfield code="d">1906</subfield>
    </datafield>
    <datafield tag="596">
      <subfield code="a">En h. 4v: En Madrid a 28 de abril de 1613</subfield>
    </datafield>
    <datafield tag="596">
      <subfield code="a">Licencia para la representación de Tomás Gracián Dantisco, en Madrid a 29 de octubre de 1613</subfield>
    </datafield>
    <datafield tag="655" ind2="7">
      <subfield code="a">Teatro</subfield>
      <subfield code="2">tgfbne</subfield>
    </datafield>
    <datafield tag="856" ind1="4" ind2="1">
      <subfield code="u">http://manos.net/manuscripts/bne/res-130-rojillas-mojiganga</subfield>
      <subfield code="y">Manos teatrales</subfield>
    </datafield>
  </record>