
  <record>
    <leader>01948ctm a2200385 i 4500</leader>
    <controlfield tag="001">a4655835</controlfield>
    <controlfield tag="003">SpMaBN</controlfield>
    <controlfield tag="005">20181113004143.3</controlfield>
    <controlfield tag="008">091229s1631 sp 000 0 spa/ </controlfield>
    <datafield tag="035">
      <subfield code="a">(OCoLC)740339970</subfield>
    </datafield>
    <datafield tag="040">
      <subfield code="a">SpMaBN</subfield>
      <subfield code="b">spa</subfield>
      <subfield code="c">SpMaBN</subfield>
      <subfield code="e">rdc</subfield>
    </datafield>
    <datafield tag="100" ind1="1">
      <subfield code="a">Vega, Lope de</subfield>
      <subfield code="d">1562-1635</subfield>
      <subfield code="0">http://datos.bne.es/resource/XX1719671</subfield>
    </datafield>
    <datafield tag="245" ind1="1" ind2="0">
      <subfield code="a">Mujeres y criados :</subfield>
      <subfield code="b">comedia en tres jornadas. Emp.: Tomad allá que os prometo (h. 2)... Fin.: por mujeres y criados (h. 56)</subfield>
    </datafield>
    <datafield tag="260">
      <subfield code="a">1631</subfield>
    </datafield>
    <datafield tag="300">
      <subfield code="a">I, 56 h.</subfield>
      <subfield code="c">22 x 16 cm</subfield>
    </datafield>
    <datafield tag="336">
      <subfield code="a">Texto (visual)</subfield>
    </datafield>
    <datafield tag="337">
      <subfield code="a">sin mediación</subfield>
    </datafield>
    <datafield tag="510" ind1="4">
      <subfield code="a">Paz, Teatro (2ª ed.)</subfield>
      <subfield code="c">n. 2474</subfield>
    </datafield>
    <datafield tag="510" ind1="4">
      <subfield code="a">Rocamora, Osuna</subfield>
      <subfield code="c">n. 891</subfield>
    </datafield>
    <datafield tag="510" ind1="4">
      <subfield code="a">Urzáiz Tortajada, Héctor, Catálogo de autores teatrales del siglo XVII, Madrid, 2002</subfield>
      <subfield code="c">vol. II, p. 672</subfield>
    </datafield>
    <datafield tag="529" ind1="0" ind2="0">
      <subfield code="a">Tomad allá que os prometo (h. 2)... por mujeres y criados (h. 56)</subfield>
    </datafield>
    <datafield tag="561" ind1="1">
      <subfield code="a">Duque de Osuna e Infantado</subfield>
    </datafield>
    <datafield tag="581" ind1="8">
      <subfield code="a">García Reidy, Alejandro, Mujeres y criados, una comedia recuperada de Lope de Vega, en Revista de Literatura, 2013, julio-diciembre, vol. LXXV, n. 150, pp. 417-438</subfield>
    </datafield>
    <datafield tag="594">
      <subfield code="a">Atribuida a Lope de Vega por Alejandro García Reidy</subfield>
    </datafield>
    <datafield tag="596">
      <subfield code="a">Al final: Acabóse de trasladar en Barcelona a 8 de diciembre día de Nuestra Señora de la Concepción deste año de 1631</subfield>
    </datafield>
    <datafield tag="596">
      <subfield code="a">Copista: Pedro de Valdés</subfield>
    </datafield>
    <datafield tag="597">
      <subfield code="a">En blanco h. Iv y 17v-20v</subfield>
    </datafield>
    <datafield tag="597">
      <subfield code="a">En la foliación original las dos primeras h. sin numerar y comienza la numeración en la 3ª h. con el n. 2</subfield>
    </datafield>
    <datafield tag="597">
      <subfield code="a">La segunda parte de la obra dañada por humedad</subfield>
    </datafield>
    <datafield tag="655" ind2="7">
      <subfield code="a">Manuscritos</subfield>
      <subfield code="2">tgfbne</subfield>
    </datafield>
    <datafield tag="655" ind2="7">
      <subfield code="a">Teatro</subfield>
      <subfield code="2">tgfbne</subfield>
    </datafield>
    <datafield tag="655" ind2="7">
      <subfield code="a">Teatro</subfield>
      <subfield code="z">España</subfield>
      <subfield code="y">S.XVI-XVII</subfield>
    </datafield>
    <datafield tag="856" ind1="4" ind2="1">
      <subfield code="u">http://bdh-rd.bne.es/viewer.vm?id=0000131052&amp;page=1</subfield>
      <subfield code="y">Biblioteca Digital Hispánica</subfield>
    </datafield>
    <datafield tag="856" ind1="4" ind2="1">
      <subfield code="u">http://manos.net/manuscripts/bne/16-915-mujeres-y-criados</subfield>
      <subfield code="y">Manos teatrales</subfield>
    </datafield>
    <datafield tag="856" ind1="4" ind2="1">
      <subfield code="u">http://online.fliphtml5.com/tbai/hyew/</subfield>
      <subfield code="y">Libro virtual (Grupo PROLOPE)</subfield>
    </datafield>
  </record>