
  <record>
    <leader>01487ntm a2200325 4500</leader>
    <controlfield tag="001">Miam0000010637</controlfield>
    <controlfield tag="003">SpMaBN</controlfield>
    <controlfield tag="005">20181113004131.3</controlfield>
    <controlfield tag="008">060609s1625 </controlfield>
    <datafield tag="016" ind1="7">
      <subfield code="a">biamBNE20060008693</subfield>
      <subfield code="2">SpMaBN</subfield>
    </datafield>
    <datafield tag="035">
      <subfield code="a">(OCoLC)430987586</subfield>
    </datafield>
    <datafield tag="040">
      <subfield code="a">SpMaBN</subfield>
      <subfield code="b">spa</subfield>
      <subfield code="c">SpMaBN</subfield>
      <subfield code="e">rdc</subfield>
    </datafield>
    <datafield tag="100" ind1="1">
      <subfield code="a">Vega, Lope de</subfield>
      <subfield code="d">1562-1635</subfield>
      <subfield code="0">http://datos.bne.es/resource/XX1719671</subfield>
    </datafield>
    <datafield tag="240" ind1="1" ind2="3">
      <subfield code="a">La niñez del Padre Rojas</subfield>
    </datafield>
    <datafield tag="245" ind1="1" ind2="3">
      <subfield code="a">La niñez del Padre Roxas</subfield>
      <subfield code="h">[Manuscrito]</subfield>
      <subfield code="b"> : primera parte de su vida: comedia. Emp. Yo tengo de hacer mi oficio (h. 3)... Fin.: la niñez de Padre Roxas (h. 55v)</subfield>
    </datafield>
    <datafield tag="260">
      <subfield code="a">1625</subfield>
    </datafield>
    <datafield tag="300">
      <subfield code="a">I h., 56 h.</subfield>
      <subfield code="c">22 x 16 cm.</subfield>
    </datafield>
    <datafield tag="500">
      <subfield code="a">Autógrafo con correcciones y firma</subfield>
    </datafield>
    <datafield tag="500">
      <subfield code="a">V.a. Mss/15030</subfield>
    </datafield>
    <datafield tag="510" ind1="4">
      <subfield code="a">Paz, Teatro (2ª ed.)</subfield>
      <subfield code="c">n. 2531</subfield>
    </datafield>
    <datafield tag="529" ind1="0" ind2="0">
      <subfield code="a">Yo tengo de hacer mi oficio (h. 3)... la niñez de Padre Roxas (h. 55v)</subfield>
    </datafield>
    <datafield tag="561">
      <subfield code="a">Duque de Osuna e Infantado</subfield>
    </datafield>
    <datafield tag="581">
      <subfield code="a">Diego L. Bastianutti. New York, 1988</subfield>
    </datafield>
    <datafield tag="596">
      <subfield code="a">Al final: En Madrid, a 4 de enero de 1625. Licencia de representación de Pedro de Vargas Machuca. Madrid, 2 de febrero 1625</subfield>
    </datafield>
    <datafield tag="597">
      <subfield code="a">En blanco las h. 37-38</subfield>
    </datafield>
    <datafield tag="597">
      <subfield code="a">Foliación antigua a tinta: 1-16, 1-15, 1-15</subfield>
    </datafield>
    <datafield tag="655" ind2="7">
      <subfield code="a">Teatro</subfield>
      <subfield code="2">tgfbne</subfield>
    </datafield>
    <datafield tag="655" ind2="7">
      <subfield code="a">Teatro</subfield>
      <subfield code="z">España</subfield>
      <subfield code="y">S.XVI-XVII</subfield>
    </datafield>
    <datafield tag="856" ind1="4" ind2="1">
      <subfield code="u">http://bdh-rd.bne.es/viewer.vm?id=0000100639&amp;page=1</subfield>
      <subfield code="y">Biblioteca Digital Hispánica</subfield>
    </datafield>
    <datafield tag="856" ind1="4" ind2="1">
      <subfield code="u">http://manos.net/manuscripts/bne/res-248-ninez-la-del-padre-rojas-primera-parte-de-su-vida</subfield>
      <subfield code="y">Manos teatrales</subfield>
    </datafield>
  </record>