
  <record>
    <leader>01927ntm a2200325 4500</leader>
    <controlfield tag="001">Miam0000010176</controlfield>
    <controlfield tag="003">SpMaBN</controlfield>
    <controlfield tag="005">20181117133635.7</controlfield>
    <controlfield tag="008">060403q1622 </controlfield>
    <datafield tag="016" ind1="7">
      <subfield code="a">biamBNE20060004071</subfield>
      <subfield code="2">SpMaBN</subfield>
    </datafield>
    <datafield tag="035">
      <subfield code="a">(OCoLC)430986551</subfield>
    </datafield>
    <datafield tag="040">
      <subfield code="a">SpMaBN</subfield>
      <subfield code="b">spa</subfield>
      <subfield code="c">SpMaBN</subfield>
      <subfield code="e">rdc</subfield>
    </datafield>
    <datafield tag="100" ind1="1">
      <subfield code="a">Vega, Lope de</subfield>
      <subfield code="d">1562-1635</subfield>
      <subfield code="0">http://datos.bne.es/resource/XX1719671</subfield>
    </datafield>
    <datafield tag="245" ind1="1" ind2="3">
      <subfield code="a">La nueva victoria de D. Gonzalo de Córdova</subfield>
      <subfield code="h">[Manuscrito]</subfield>
      <subfield code="b"> : comedia. Emp. No ha de quedar un galán (p. 3)... Fin.: y agora victorias nuevas (p. 119)</subfield>
    </datafield>
    <datafield tag="260">
      <subfield code="a">1622</subfield>
    </datafield>
    <datafield tag="300">
      <subfield code="a">II h.,121 p.</subfield>
      <subfield code="c">21 x 15 cm.</subfield>
    </datafield>
    <datafield tag="500">
      <subfield code="a">Autógrafo con correcciones y firma</subfield>
    </datafield>
    <datafield tag="500">
      <subfield code="a">Dos adiciones autógrafas en p. 120-121</subfield>
    </datafield>
    <datafield tag="510" ind1="4">
      <subfield code="a">Paz, Teatro (2ª ed.)</subfield>
      <subfield code="c">n. 2637</subfield>
    </datafield>
    <datafield tag="529">
      <subfield code="a">No ha de quedar un galán (p. 3)... y agora victorias nuevas (p. 119)</subfield>
    </datafield>
    <datafield tag="581">
      <subfield code="a">Vega, Lope de. A paleographic edition of Lope de Vega's autograph play La nueva victoria de D. Gonzalo de Córdoba, by Henryk Ziomek. New York, 1962</subfield>
    </datafield>
    <datafield tag="596">
      <subfield code="a">En Madrid a 8 de octubre de 1622, en p. 119. Licencia para la representación de Pedro de Vargas Machuca, Madrid, 21 octubre 1622, p. 121. Vista en .... a 1 de febrero del [16]27. D. de Mello [firma y rúbrica], y otra firma ileg ible, en p. 2</subfield>
    </datafield>
    <datafield tag="597">
      <subfield code="a">En blanco las pp. 36-44, 46, 48, 81-86, 88</subfield>
    </datafield>
    <datafield tag="597">
      <subfield code="a">Dos foliaciones antiguas y otra moderna</subfield>
    </datafield>
    <datafield tag="600" ind1="1" ind2="7">
      <subfield code="a">Fernández de Córdoba, Gonzalo</subfield>
      <subfield code="d">1453-1515</subfield>
      <subfield code="2">embne</subfield>
      <subfield code="0">http://datos.bne.es/resource/XX1646114</subfield>
    </datafield>
    <datafield tag="655" ind2="7">
      <subfield code="a">Teatro</subfield>
      <subfield code="2">tgfbne</subfield>
    </datafield>
    <datafield tag="655" ind2="7">
      <subfield code="a">Teatro</subfield>
      <subfield code="z">España</subfield>
      <subfield code="y">S.XVI-XVII</subfield>
      <subfield code="2">tgfbne</subfield>
    </datafield>
    <datafield tag="856" ind1="4" ind2="1">
      <subfield code="u">http://bdh-rd.bne.es/viewer.vm?id=0000099813&amp;page=1</subfield>
      <subfield code="y">Biblioteca Digital Hispánica</subfield>
    </datafield>
    <datafield tag="856" ind1="4" ind2="2">
      <subfield code="u">http://www.bne.es/es/Actividades/Exposiciones/Exposiciones/Exposiciones2009/dibujos/visitavirtual/pdf/Dib_018_001_2347.pdf</subfield>
      <subfield code="y">Estudio de la obra</subfield>
    </datafield>
    <datafield tag="856" ind1="4" ind2="1">
      <subfield code="u">http://manos.net/manuscripts/bne/res-84-nueva-la-victoria-de-don-gonzalo-de-cordoba</subfield>
      <subfield code="y">Manos teatrales</subfield>
    </datafield>
  </record>