
  <record>
    <leader>01501ctm a2200313 4500</leader>
    <controlfield tag="001">a4690249</controlfield>
    <controlfield tag="003">SpMaBN</controlfield>
    <controlfield tag="005">20181113004144.3</controlfield>
    <controlfield tag="008">100225q16011700sp 000 0 spa/ </controlfield>
    <datafield tag="035">
      <subfield code="a">(OCoLC)740342749</subfield>
    </datafield>
    <datafield tag="040">
      <subfield code="a">SpMaBN</subfield>
      <subfield code="b">spa</subfield>
      <subfield code="c">SpMaBN</subfield>
      <subfield code="e">rdc</subfield>
    </datafield>
    <datafield tag="100" ind1="1">
      <subfield code="a">Vega, Lope de</subfield>
      <subfield code="d">1562-1635</subfield>
      <subfield code="0">http://datos.bne.es/resource/XX1719671</subfield>
    </datafield>
    <datafield tag="245" ind1="1" ind2="4">
      <subfield code="a">Los nuevos sucesos del gran Duque de Moscovia</subfield>
      <subfield code="h">[Manuscrito] :</subfield>
      <subfield code="b">comedia famosa en tres jornadas. Emp.: Monstruo de naturaleza (h. 1)... Fin.: del gran Duque de Moscovia (h. 42)</subfield>
      <subfield code="c">compuesta por Lope de Vega Carpio</subfield>
    </datafield>
    <datafield tag="260">
      <subfield code="a">S.XVII</subfield>
    </datafield>
    <datafield tag="300">
      <subfield code="a">I, 42 h.</subfield>
      <subfield code="c">22 x 16 cm.</subfield>
    </datafield>
    <datafield tag="500">
      <subfield code="a">Texto con correcciones</subfield>
    </datafield>
    <datafield tag="500">
      <subfield code="a">Al final: Esta comedia es de Antonio Noguera, mercader de libros, tiene su tienda a la torre de SantaCruz en Madrid</subfield>
    </datafield>
    <datafield tag="510" ind1="4">
      <subfield code="a">Paz, Teatro (2ª ed.)</subfield>
      <subfield code="c">n. 2645</subfield>
    </datafield>
    <datafield tag="510" ind1="4">
      <subfield code="a">Pérez y Pérez, María Cruz, Bibliografía del teatro de Lope de Vega, Madrid, 1973</subfield>
      <subfield code="c">n. 206</subfield>
    </datafield>
    <datafield tag="510" ind1="4">
      <subfield code="a">Rocamora, Osuna</subfield>
      <subfield code="c">n. 964</subfield>
    </datafield>
    <datafield tag="529" ind1="0" ind2="0">
      <subfield code="a">Monstruo de naturaleza (h. 1)... del gran Duque de Moscovia (h. 24)</subfield>
    </datafield>
    <datafield tag="546">
      <subfield code="a">Letra de distintas manos</subfield>
    </datafield>
    <datafield tag="561">
      <subfield code="a">Duque de Osuna e Infantado</subfield>
    </datafield>
    <datafield tag="597">
      <subfield code="a">En blanco las h. 12v y 24bis</subfield>
    </datafield>
    <datafield tag="597">
      <subfield code="a">Restaurada la h. 42</subfield>
    </datafield>
    <datafield tag="655" ind1="7" ind2="7">
      <subfield code="a">Teatro</subfield>
      <subfield code="2">tgfbne</subfield>
    </datafield>
    <datafield tag="655" ind2="7">
      <subfield code="a">Teatro</subfield>
      <subfield code="z">España</subfield>
      <subfield code="y">S.XVI-XVII</subfield>
    </datafield>
    <datafield tag="856" ind1="4" ind2="1">
      <subfield code="u">http://bdh-rd.bne.es/viewer.vm?id=0000014040&amp;page=1</subfield>
      <subfield code="y">Biblioteca Digital Hispánica</subfield>
    </datafield>
    <datafield tag="856" ind1="4" ind2="1">
      <subfield code="u">http://manos.net/manuscripts/bne/16-673-nuevos-los-sucesos-del-gran-duque-de-moscovia</subfield>
      <subfield code="y">Manos teatrales</subfield>
    </datafield>
  </record>