
  <record>
    <leader>01790ctm a2200361 4500</leader>
    <controlfield tag="001">a4672954</controlfield>
    <controlfield tag="003">SpMaBN</controlfield>
    <controlfield tag="005">20181113004143.3</controlfield>
    <controlfield tag="008">100203e16311634sp 000 0 spa/ </controlfield>
    <datafield tag="035">
      <subfield code="a">(OCoLC)740341290</subfield>
    </datafield>
    <datafield tag="040">
      <subfield code="a">SpMaBN</subfield>
      <subfield code="b">spa</subfield>
      <subfield code="c">SpMaBN</subfield>
      <subfield code="e">rdc</subfield>
    </datafield>
    <datafield tag="100" ind1="1">
      <subfield code="a">Vega, Lope de</subfield>
      <subfield code="d">1562-1635</subfield>
      <subfield code="0">http://datos.bne.es/resource/XX1719671</subfield>
    </datafield>
    <datafield tag="243" ind1="1" ind2="0">
      <subfield code="a">Obra selecta</subfield>
    </datafield>
    <datafield tag="245" ind1="1" ind2="0">
      <subfield code="a">Obras de Lope de Vega</subfield>
      <subfield code="h">[Manuscrito]</subfield>
      <subfield code="b">: Códice Daza</subfield>
    </datafield>
    <datafield tag="260">
      <subfield code="a">1631-1634</subfield>
    </datafield>
    <datafield tag="300">
      <subfield code="a">436 + 96 p.</subfield>
      <subfield code="c">21 x 16 cm.</subfield>
    </datafield>
    <datafield tag="500">
      <subfield code="a">Borrador autógrafo con abundantes correcciones</subfield>
    </datafield>
    <datafield tag="500">
      <subfield code="a">En la cubierta: "Aquí están los Eglogas", de letra posterior</subfield>
    </datafield>
    <datafield tag="500">
      <subfield code="a">Anotaciones autógrafas del Duque de Sessa en las guardas</subfield>
    </datafield>
    <datafield tag="500">
      <subfield code="a">En el lomo: nº 302 y 36</subfield>
    </datafield>
    <datafield tag="505" ind1="0">
      <subfield code="a">Consta de dos partes: una inédita y otra publicada; ambas mezcladas en las dos secuencias, con innumerables tachaduras, que no son variantes de texto, sino pruebas, ilegibles o incoherentes en su totalidad</subfield>
    </datafield>
    <datafield tag="510" ind1="4">
      <subfield code="a">Entrambasaguas, Joaquín de, Un códice deLope de Vega autógrafo y desconocido, en Revista de Literatura, XXXVIII (1970), 75-76</subfield>
      <subfield code="p">p. 5-119</subfield>
    </datafield>
    <datafield tag="541">
      <subfield code="c">Compra</subfield>
      <subfield code="a">Colección particular</subfield>
      <subfield code="b">Madrid</subfield>
      <subfield code="d">2009</subfield>
    </datafield>
    <datafield tag="561">
      <subfield code="a">Duque de Sessa</subfield>
    </datafield>
    <datafield tag="561">
      <subfield code="a">Valentín Carderera</subfield>
    </datafield>
    <datafield tag="561">
      <subfield code="a">Luis de Madrazo</subfield>
    </datafield>
    <datafield tag="597">
      <subfield code="a">Varias paginaciones de distintas épocas en tinta roja y azul</subfield>
    </datafield>
    <datafield tag="597">
      <subfield code="a">Encuadernadas al revés las pp. 1-96 de la segunda secuencia</subfield>
    </datafield>
    <datafield tag="597">
      <subfield code="a">Tintas ferrogálicas y galerias por parásitos</subfield>
    </datafield>
    <datafield tag="597">
      <subfield code="a">Mutiladas la primera h. de guarda y las pp. 145-146, 285-286. En blanco las pp. 155-158, 179-180. Sueltas las pp.427-428</subfield>
    </datafield>
    <datafield tag="655" ind2="7">
      <subfield code="a">Teatro</subfield>
      <subfield code="z">España</subfield>
      <subfield code="y">S.XVI-XVII</subfield>
    </datafield>
    <datafield tag="730" ind1="0" ind2="2">
      <subfield code="a">Códice Daza</subfield>
    </datafield>
    <datafield tag="856" ind1="4" ind2="1">
      <subfield code="u">http://bdh-rd.bne.es/viewer.vm?id=0000140452&amp;page=1</subfield>
      <subfield code="y">Biblioteca Digital Hispánica</subfield>
    </datafield>
  </record>