
  <record>
    <leader>01211ntm a2200277 4500</leader>
    <controlfield tag="001">Miam0000010378</controlfield>
    <controlfield tag="003">SpMaBN</controlfield>
    <controlfield tag="005">20181113004131.3</controlfield>
    <controlfield tag="008">060503s1618 </controlfield>
    <datafield tag="016" ind1="7">
      <subfield code="a">biamBNE20060006107</subfield>
      <subfield code="2">SpMaBN</subfield>
    </datafield>
    <datafield tag="035">
      <subfield code="a">(OCoLC)430987402</subfield>
    </datafield>
    <datafield tag="040">
      <subfield code="a">SpMaBN</subfield>
      <subfield code="b">spa</subfield>
      <subfield code="c">SpMaBN</subfield>
      <subfield code="e">rdc</subfield>
    </datafield>
    <datafield tag="100" ind1="1">
      <subfield code="a">Vega, Lope de</subfield>
      <subfield code="d">1562-1635</subfield>
      <subfield code="0">http://datos.bne.es/resource/XX1719671</subfield>
    </datafield>
    <datafield tag="240" ind1="1" ind2="0">
      <subfield code="a">Obras son amores (auto)</subfield>
    </datafield>
    <datafield tag="245" ind1="1" ind2="0">
      <subfield code="a">Obras son amores</subfield>
      <subfield code="h">[Manuscrito]</subfield>
      <subfield code="b"> : Auto sacramental de este año 1620. Emp.: Yo tengo de hacer mi oficio (h. 1)... Fin.: pues aquí te doy mi gracia (h. 18)</subfield>
      <subfield code="c">original de Lope de Vega</subfield>
    </datafield>
    <datafield tag="260">
      <subfield code="a">1618</subfield>
    </datafield>
    <datafield tag="300">
      <subfield code="a">I, 18 h.</subfield>
      <subfield code="c">22 x 16 cm.</subfield>
    </datafield>
    <datafield tag="500">
      <subfield code="a">Autógrafo con correcciones y firma</subfield>
    </datafield>
    <datafield tag="500">
      <subfield code="a">V.a. Mss/15246</subfield>
    </datafield>
    <datafield tag="510" ind1="4">
      <subfield code="a">Paz, Teatro (2ª ed.)</subfield>
      <subfield code="c">n. 2663</subfield>
    </datafield>
    <datafield tag="596">
      <subfield code="a">Al final: En Madrid, a 31 de mayo de 1615; enmendado después, "1628"</subfield>
    </datafield>
    <datafield tag="597">
      <subfield code="a">Mutilada la h. 18</subfield>
    </datafield>
    <datafield tag="655" ind2="7">
      <subfield code="a">Teatro</subfield>
      <subfield code="2">tgfbne</subfield>
    </datafield>
    <datafield tag="655" ind2="7">
      <subfield code="a">Teatro</subfield>
      <subfield code="z">España</subfield>
      <subfield code="y">S.XVI-XVII</subfield>
    </datafield>
    <datafield tag="856" ind1="4" ind2="1">
      <subfield code="u">http://bdh-rd.bne.es/viewer.vm?id=0000099804&amp;page=1</subfield>
      <subfield code="y">Biblioteca Digital Hispánica</subfield>
    </datafield>
    <datafield tag="856" ind1="4" ind2="1">
      <subfield code="u">http://manos.net/manuscripts/bne/res-143-obras-son-amores-auto-sacramental-de-este-ano-1620-original-de</subfield>
      <subfield code="y">Manos teatrales</subfield>
    </datafield>
  </record>