
  <record>
    <leader>00932ntm a2200229 4500</leader>
    <controlfield tag="001">Miam0000000740</controlfield>
    <controlfield tag="003">SpMaBN</controlfield>
    <controlfield tag="005">20181113004130.3</controlfield>
    <controlfield tag="008">970821q17011800 spa </controlfield>
    <datafield tag="016" ind1="7">
      <subfield code="a">biamBNE19970003328</subfield>
      <subfield code="2">SpMaBN</subfield>
    </datafield>
    <datafield tag="035">
      <subfield code="a">(OCoLC)430602615</subfield>
    </datafield>
    <datafield tag="040">
      <subfield code="a">SpMaBN</subfield>
      <subfield code="b">spa</subfield>
      <subfield code="c">SpMaBN</subfield>
      <subfield code="e">rdc</subfield>
    </datafield>
    <datafield tag="100" ind1="1" ind2="0">
      <subfield code="a">Vega, Lope de</subfield>
      <subfield code="d">1562-1635</subfield>
      <subfield code="0">http://datos.bne.es/resource/XX1719671</subfield>
    </datafield>
    <datafield tag="243" ind1="1" ind2="0">
      <subfield code="a">Obra selecta.</subfield>
    </datafield>
    <datafield tag="245" ind1="1" ind2="0">
      <subfield code="a">Obras varias de Lope de Vega Carpio, sacadas de varios autores a quienes él elogió</subfield>
      <subfield code="h">[Manuscrito]</subfield>
      <subfield code="c">Lope de Vega Carpio</subfield>
    </datafield>
    <datafield tag="260">
      <subfield code="c">S.XVIII</subfield>
    </datafield>
    <datafield tag="300">
      <subfield code="a">52 h.</subfield>
      <subfield code="c">21 x 15 cm</subfield>
    </datafield>
    <datafield tag="520" ind1="2">
      <subfield code="a">Recopilación de poesías del autor dedicadas a obras de autores españoles, publicadas en los siglos XVI-XVII</subfield>
    </datafield>
    <datafield tag="561">
      <subfield code="a">Duque de Osuna e Infantado</subfield>
    </datafield>
    <datafield tag="655" ind2="7">
      <subfield code="a">Álbumes poéticos</subfield>
      <subfield code="2">tgfbne</subfield>
    </datafield>
    <datafield tag="655" ind2="7">
      <subfield code="a">Teatro</subfield>
      <subfield code="z">España</subfield>
      <subfield code="y">S.XVI-XVII</subfield>
    </datafield>
    <datafield tag="856" ind1="4" ind2="1">
      <subfield code="u">http://bdh-rd.bne.es/viewer.vm?id=0000141430&amp;page=1</subfield>
      <subfield code="y">Biblioteca Digital Hispánica</subfield>
    </datafield>
  </record>