
  <record>
    <leader>04286cam a2200553 4500</leader>
    <controlfield tag="001">a4646125</controlfield>
    <controlfield tag="003">SpMaBN</controlfield>
    <controlfield tag="005">20181217191921.2</controlfield>
    <controlfield tag="008">091207q17011900sp /// spa/ </controlfield>
    <datafield tag="035">
      <subfield code="a">(OCoLC)776261460</subfield>
    </datafield>
    <datafield tag="040">
      <subfield code="a">SpMaBN</subfield>
      <subfield code="b">spa</subfield>
      <subfield code="c">SpMaBN</subfield>
      <subfield code="e">rdc</subfield>
    </datafield>
    <datafield tag="100" ind1="1">
      <subfield code="a">Vega, Lope de</subfield>
      <subfield code="d">1562-1635</subfield>
    </datafield>
    <datafield tag="245" ind1="0" ind2="1">
      <subfield code="a">Comedias</subfield>
      <subfield code="h">[Manuscrito]</subfield>
      <subfield code="c">Lope de Vega</subfield>
    </datafield>
    <datafield tag="260">
      <subfield code="a">S.XVIII-XIX</subfield>
    </datafield>
    <datafield tag="300">
      <subfield code="a">I, 247 h.</subfield>
      <subfield code="c">23 x 17 cm.</subfield>
    </datafield>
    <datafield tag="500">
      <subfield code="a">Sello de Agustín Durán</subfield>
    </datafield>
    <datafield tag="505" ind1="8">
      <subfield code="a">El buen vecino. Emp.: Una sospecha celosa (h. 1)... Fin.: que es de la comedia el nombre (h. 18). El blasón de los Chaves de Villalba. Emp.: Vuelvo a decir mil veces norabuena (h. 21)... Fin.: Senado ilustre, fin tiene (h. 42v). La porfía hasta el temor. Emp.: Dejádme ¿qué me queréis? (h. 45)... La porfía hasta el temor (h. 62). El labrador del Tormes. Emp.: Perdióse el mejor halcón (h. 65)... Fin.: de lo que puede un agravio (h. 83). Acertar errando. Emp.: Notable mela ncolía (h. 87)... Fin.: Y aquí el acertar errando (h. 104v). El alcalde de Zalamea. Emp.: Que te pudiste engañar (h. 108)... Fin.: por premiar tan justo juez (h. 127v). Los Vargas de Castilla. Emp.: Sacad la espada (h. 130)... Fin.: de sus faltas el p erdón (h. 153). La ciudad sin Dios. Emp.: Dejadlos aquí a los dos (h. 156)... Fin.: tu penitencia y mi historia (h. 176). La competencia en los nobles. Emp.: Si es el entrar imposible (h. 181)... Fin.: la competencia en los nobles (h. 200v). Engañar a quien engaña. Emp.: ¿No es buen remedio, Tacón? (h. 207)... Fin.: son poderosos contrarios (h. 225v). El engaño en la verdad. Emp.: Huid, que de las montañas (h. 228)... Fin.: Mañana también la haremos (h. 247v)</subfield>
    </datafield>
    <datafield tag="510" ind1="4">
      <subfield code="a">Paz, Teatro (2ª ed.)</subfield>
      <subfield code="c">n. 466</subfield>
    </datafield>
    <datafield tag="510" ind1="4">
      <subfield code="a">Inventario de la Librería que fue del Excmo. Sr. D. Agustín Durán, comprada por el Gobierno de S.M. con destino a la Biblioteca Nacional, en virtud de Real Orden fecha en 27 de junio de 1863, en Memoria remitida al Excmo. Sr. Ministro de Fomento..., por el Director de la Biblioteca Nacional, Madrid, 1865</subfield>
      <subfield code="c">p. 111</subfield>
    </datafield>
    <datafield tag="529" ind1="0" ind2="0">
      <subfield code="a">Una sospecha celosa (h. 1)... que es de la comedia el nombre (h. 18)</subfield>
    </datafield>
    <datafield tag="529" ind1="0" ind2="0">
      <subfield code="a">Vuelvo a decir mil veces norabuena (h. 21)... Senado ilustre, fin tiene (h. 42v)</subfield>
    </datafield>
    <datafield tag="529" ind1="0" ind2="0">
      <subfield code="a">Dejádme ¿qué me queréis? (h. 45)... La porfía hasta el temor (h. 62)</subfield>
    </datafield>
    <datafield tag="529" ind1="0" ind2="0">
      <subfield code="a">Perdióse el mejor halcón (h. 65)... de lo que puede un agravio (h. 83)</subfield>
    </datafield>
    <datafield tag="529" ind1="0" ind2="0">
      <subfield code="a">Notable melancolía (h. 87)... Y aquí el acertar errando (h. 104v)</subfield>
    </datafield>
    <datafield tag="529" ind1="0" ind2="0">
      <subfield code="a">Que te pudiste engañar (h. 108)... por premiar tan justo juez (h. 127v)</subfield>
    </datafield>
    <datafield tag="529" ind1="0" ind2="0">
      <subfield code="a">Sacad la espada (h. 130)... de sus faltas el perdón (h. 153)</subfield>
    </datafield>
    <datafield tag="529" ind1="0" ind2="0">
      <subfield code="a">Dejadlos aquí a los dos (h. 156)... tu penitencia y mi historia (h. 176)</subfield>
    </datafield>
    <datafield tag="529" ind1="0" ind2="0">
      <subfield code="a">Si es el entrar imposible (h. 181)... la competencia en los nobles (h. 200v)</subfield>
    </datafield>
    <datafield tag="529" ind1="0" ind2="0">
      <subfield code="a">¿No es buen remedio, Tacón? (h. 207)... son poderosos contrarios (h. 225v)</subfield>
    </datafield>
    <datafield tag="529" ind1="0" ind2="0">
      <subfield code="a">Huíd, que de las montañas (h. 228)... Mañana también la haremos (h. 247v)</subfield>
    </datafield>
    <datafield tag="546">
      <subfield code="a">Letra de distintas manos</subfield>
    </datafield>
    <datafield tag="561">
      <subfield code="a">Agustín Durán</subfield>
    </datafield>
    <datafield tag="597">
      <subfield code="a">En blanco la h. Ir yvarias h. en blanco después de cada comedia</subfield>
    </datafield>
    <datafield tag="655" ind1="7" ind2="7">
      <subfield code="a">Teatro</subfield>
      <subfield code="2">tgfbne</subfield>
    </datafield>
    <datafield tag="655" ind2="7">
      <subfield code="a">Teatro</subfield>
      <subfield code="z">España</subfield>
      <subfield code="y">S.XVI-XVII</subfield>
      <subfield code="2">tgfbne</subfield>
    </datafield>
    <datafield tag="700" ind1="1">
      <subfield code="a">Vega, Lope de</subfield>
      <subfield code="d">1562-1635</subfield>
      <subfield code="t">El blasón de los Chaves de Villalba</subfield>
    </datafield>
    <datafield tag="700" ind1="1">
      <subfield code="a">Vega, Lope de</subfield>
      <subfield code="d">1562-1635</subfield>
      <subfield code="t">La porfía hasta el temor</subfield>
    </datafield>
    <datafield tag="700" ind1="1">
      <subfield code="a">Vega, Lope de</subfield>
      <subfield code="d">1562-1635</subfield>
      <subfield code="t">El labrador del Tormes</subfield>
    </datafield>
    <datafield tag="700" ind1="1">
      <subfield code="a">Vega, Lope de</subfield>
      <subfield code="d">1562-1635</subfield>
      <subfield code="t">Acertar errando</subfield>
    </datafield>
    <datafield tag="700" ind1="1">
      <subfield code="a">Vega, Lope de</subfield>
      <subfield code="d">1562-1635</subfield>
      <subfield code="t">Los Vargas de Castilla</subfield>
    </datafield>
    <datafield tag="700" ind1="1">
      <subfield code="a">Vega, Lope de</subfield>
      <subfield code="d">1562-1635</subfield>
      <subfield code="t">La competencia en los nobles</subfield>
    </datafield>
    <datafield tag="700" ind1="1">
      <subfield code="a">Vega, Lope de</subfield>
      <subfield code="d">1562-1635</subfield>
      <subfield code="t">El engaño en la verdad (ca. 1603)</subfield>
    </datafield>
    <datafield tag="700" ind1="1">
      <subfield code="a">Vega, Lope de</subfield>
      <subfield code="d">1562-1635</subfield>
      <subfield code="t">El buen vecino</subfield>
    </datafield>
    <datafield tag="700" ind1="1">
      <subfield code="a">Claramonte y Corroy, Andrés de</subfield>
      <subfield code="t">La ciudad sin Dios</subfield>
    </datafield>
    <datafield tag="730" ind1="0">
      <subfield code="a">Engañar a quien engaña</subfield>
    </datafield>
    <datafield tag="730" ind1="3">
      <subfield code="a">El alcalde de Zalamea</subfield>
    </datafield>
    <datafield tag="856" ind1="4" ind2="1">
      <subfield code="u">http://bdh-rd.bne.es/viewer.vm?id=0000208552&amp;page=1</subfield>
      <subfield code="y">Biblioteca Digital Hispánica</subfield>
    </datafield>
    <datafield tag="856" ind1="4" ind2="1">
      <subfield code="u">http://manos.net/manuscripts/bne/mss-15-443-porfia-la-hasta-el-temor</subfield>
      <subfield code="y">Manos teatrales. La porfia hasta el temor</subfield>
    </datafield>
    <datafield tag="856" ind1="4" ind2="1">
      <subfield code="u">http://manos.net/manuscripts/bne/mss-15443-labrador-el-de-tormes</subfield>
      <subfield code="y">Manos teatrales. El labrador de Tormes</subfield>
    </datafield>
  </record>