
  <record>
    <leader>01088ctm a2200253 i 4500</leader>
    <controlfield tag="001">a4835831</controlfield>
    <controlfield tag="003">SpMaBN</controlfield>
    <controlfield tag="005">20180628000000.5</controlfield>
    <controlfield tag="008">101004q17011800sp 000 0 spa </controlfield>
    <datafield tag="035">
      <subfield code="a">(OCoLC)740353346</subfield>
    </datafield>
    <datafield tag="040">
      <subfield code="a">SpMaBN</subfield>
      <subfield code="b">spa</subfield>
      <subfield code="c">SpMaBN</subfield>
      <subfield code="e">rdc</subfield>
    </datafield>
    <datafield tag="100" ind1="1">
      <subfield code="a">Vega, Lope de</subfield>
      <subfield code="d">1562-1635</subfield>
    </datafield>
    <datafield tag="240" ind1="1" ind2="0">
      <subfield code="a">Pedro de Urdemalas</subfield>
    </datafield>
    <datafield tag="245" ind1="1" ind2="0">
      <subfield code="a">Pedro de Urdemalas</subfield>
      <subfield code="h">[Manuscrito] :</subfield>
      <subfield code="b">comedia famosa. Emp.: Sin tu licencia no fuera (h. 2)... Fin.: llamado Pedro de Urdemalas (h. 46v)</subfield>
      <subfield code="c">Lope de Vega</subfield>
    </datafield>
    <datafield tag="260">
      <subfield code="a">S.XVIII</subfield>
    </datafield>
    <datafield tag="300">
      <subfield code="a">46 h.</subfield>
      <subfield code="c">32 x 22 cm</subfield>
    </datafield>
    <datafield tag="500">
      <subfield code="a">Texto con correcciones</subfield>
    </datafield>
    <datafield tag="500">
      <subfield code="a">En portada, nota en italiano: Palatina-parmense, colección de diferentes autores, tomo LXXX; esta es la última comedia del tomo</subfield>
    </datafield>
    <datafield tag="529" ind1="0" ind2="0">
      <subfield code="a">Sin tu licencia no fuera (h. 2)... llamado Pedro de Urdemalas (h. 46v)</subfield>
    </datafield>
    <datafield tag="546">
      <subfield code="a">Letra de distintas manos</subfield>
    </datafield>
    <datafield tag="593">
      <subfield code="a">Autoría dudosa según varios autores</subfield>
    </datafield>
    <datafield tag="594">
      <subfield code="a">En portada, tachados el título y el nombre del autor</subfield>
    </datafield>
    <datafield tag="655" ind1="7" ind2="7">
      <subfield code="a">Teatro</subfield>
      <subfield code="2">tgfbne</subfield>
    </datafield>
    <datafield tag="856" ind1="4" ind2="1">
      <subfield code="u">http://bdh-rd.bne.es/viewer.vm?id=0000238040&amp;page=1</subfield>
      <subfield code="y">Biblioteca Digital Hispánica</subfield>
    </datafield>
  </record>