
  <record>
    <leader>01145ctm a2200265 4500</leader>
    <controlfield tag="001">a4404350</controlfield>
    <controlfield tag="003">SpMaBN</controlfield>
    <controlfield tag="005">20181113004136.3</controlfield>
    <controlfield tag="008">081219q1862 sp 000 0 spa/ </controlfield>
    <datafield tag="035">
      <subfield code="a">(OCoLC)430948466</subfield>
    </datafield>
    <datafield tag="040">
      <subfield code="a">SpMaBN</subfield>
      <subfield code="b">spa</subfield>
      <subfield code="c">SpMaBN</subfield>
      <subfield code="e">rdc</subfield>
    </datafield>
    <datafield tag="100" ind1="1">
      <subfield code="a">Vega, Lope de</subfield>
      <subfield code="d">1562-1635</subfield>
    </datafield>
    <datafield tag="245" ind1="1" ind2="3">
      <subfield code="a">El perro del hortelano</subfield>
      <subfield code="h">[Manuscrito]</subfield>
      <subfield code="b">: comedia en tres actos y en verso. Emp.: ¡Huye, Tristán, por aquí! (h. 2)... Fin.: ¿tengo de entrar por el aire? (h. 104)</subfield>
      <subfield code="c">original de Lope de Vega; y refundida por Juan Eugenio Hartzenbusch</subfield>
    </datafield>
    <datafield tag="260">
      <subfield code="a">[ca. 1862]</subfield>
    </datafield>
    <datafield tag="300" ind2="">
      <subfield code="a">104 h.</subfield>
      <subfield code="c">22 x 16 cm.</subfield>
    </datafield>
    <datafield tag="500">
      <subfield code="a">Firma autógrafa</subfield>
    </datafield>
    <datafield tag="500">
      <subfield code="a">V.a. Mss/14271/1</subfield>
    </datafield>
    <datafield tag="510" ind1="4">
      <subfield code="a">Paz, Teatro (2ª ed.)</subfield>
      <subfield code="c">n. 8315</subfield>
    </datafield>
    <datafield tag="529" ind1="0" ind2="0">
      <subfield code="a">¡Huye, Tristán, por aquí! (h. 2)... ¿tengo de entrar por el aire? (h. 104)</subfield>
    </datafield>
    <datafield tag="596">
      <subfield code="a">En portada: Para la apertura del Teatro de Lope de Vega, el 1 de octubre de 1862</subfield>
    </datafield>
    <datafield tag="597">
      <subfield code="a">En blancola h. 39v</subfield>
    </datafield>
    <datafield tag="655" ind1="7" ind2="7">
      <subfield code="a">Teatro</subfield>
      <subfield code="2">tgfbne</subfield>
    </datafield>
    <datafield tag="655" ind2="7">
      <subfield code="a">Teatro</subfield>
      <subfield code="z">España</subfield>
      <subfield code="y">S.XVI-XVII</subfield>
    </datafield>
    <datafield tag="700" ind1="1">
      <subfield code="a">Hartzenbusch, Juan Eugenio</subfield>
      <subfield code="d">1806-1880</subfield>
    </datafield>
    <datafield tag="856" ind1="4" ind2="1">
      <subfield code="u">http://bdh-rd.bne.es/viewer.vm?id=0000205634&amp;page=1</subfield>
      <subfield code="y">Biblioteca Digital Hispánica</subfield>
    </datafield>
  </record>