
  <record>
    <leader>01191ctm a2200301 4500</leader>
    <controlfield tag="001">a4410751</controlfield>
    <controlfield tag="003">SpMaBN</controlfield>
    <controlfield tag="005">20181113004137.3</controlfield>
    <controlfield tag="008">090114q1862 sp 000 0 spa/ </controlfield>
    <datafield tag="035">
      <subfield code="a">(OCoLC)430949265</subfield>
    </datafield>
    <datafield tag="040">
      <subfield code="a">SpMaBN</subfield>
      <subfield code="b">spa</subfield>
      <subfield code="c">SpMaBN</subfield>
      <subfield code="e">rdc</subfield>
    </datafield>
    <datafield tag="100" ind1="1">
      <subfield code="a">Vega, Lope de</subfield>
      <subfield code="d">1562-1635</subfield>
    </datafield>
    <datafield tag="240" ind1="1" ind2="3">
      <subfield code="a">El perro del hortelano</subfield>
    </datafield>
    <datafield tag="245" ind1="1" ind2="3">
      <subfield code="a">El perro del hortelano</subfield>
      <subfield code="h">[Manuscrito]</subfield>
      <subfield code="b">. Emp.: Huye, Tristán, por aquí (h. 3)... Fin.: al perro del hortelano (h. 108)</subfield>
      <subfield code="c">[original de Lope de Vega; refundida por Juan Hartzenbusch]</subfield>
    </datafield>
    <datafield tag="260">
      <subfield code="a">[ca. 1862]</subfield>
    </datafield>
    <datafield tag="300">
      <subfield code="a">108 h.</subfield>
      <subfield code="c">22 x 16 cm.</subfield>
    </datafield>
    <datafield tag="500">
      <subfield code="a">V.a. Mss/14242/13</subfield>
    </datafield>
    <datafield tag="500">
      <subfield code="a">En portada: Teatro Lope de Vega</subfield>
    </datafield>
    <datafield tag="500">
      <subfield code="a">Texto con correcciones autógrafas de Hartzenbusch</subfield>
    </datafield>
    <datafield tag="510" ind1="4">
      <subfield code="a">Paz, Teatro (2ª ed.)</subfield>
      <subfield code="c">n. 8315</subfield>
    </datafield>
    <datafield tag="529" ind1="0" ind2="0">
      <subfield code="a">Huye, Tristán, por aquí (h. 3)... al perro del hortelano (h. 108)</subfield>
    </datafield>
    <datafield tag="594">
      <subfield code="a">Autor y fecha tomados del citado Mss.</subfield>
    </datafield>
    <datafield tag="596">
      <subfield code="a">Aprobada</subfield>
    </datafield>
    <datafield tag="597">
      <subfield code="a">En blanco las h. 44 y 87</subfield>
    </datafield>
    <datafield tag="655" ind1="7" ind2="7">
      <subfield code="a">Teatro</subfield>
      <subfield code="2">tgfbne</subfield>
    </datafield>
    <datafield tag="655" ind2="7">
      <subfield code="a">Teatro</subfield>
      <subfield code="z">España</subfield>
      <subfield code="y">S.XVI-XVII</subfield>
    </datafield>
    <datafield tag="700" ind1="1">
      <subfield code="a">Hartzenbusch, Juan Eugenio</subfield>
      <subfield code="d">1806-1880</subfield>
    </datafield>
    <datafield tag="856" ind1="4" ind2="1">
      <subfield code="u">http://bdh-rd.bne.es/viewer.vm?id=0000206349&amp;page=1</subfield>
      <subfield code="y">Biblioteca Digital Hispánica</subfield>
    </datafield>
  </record>