
  <record>
    <leader>01180ctm a2200265 4500</leader>
    <controlfield tag="001">a4635722</controlfield>
    <controlfield tag="003">SpMaBN</controlfield>
    <controlfield tag="005">20181113004142.3</controlfield>
    <controlfield tag="008">091119s1732 sp 000 0 spa/ </controlfield>
    <datafield tag="035">
      <subfield code="a">(OCoLC)740338273</subfield>
    </datafield>
    <datafield tag="040">
      <subfield code="a">SpMaBN</subfield>
      <subfield code="b">spa</subfield>
      <subfield code="c">SpMaBN</subfield>
      <subfield code="e">rdc</subfield>
    </datafield>
    <datafield tag="100" ind1="1">
      <subfield code="a">Vega, Lope de</subfield>
      <subfield code="d">1562-1635</subfield>
    </datafield>
    <datafield tag="240" ind1="1" ind2="3">
      <subfield code="a">El piadoso aragonés</subfield>
    </datafield>
    <datafield tag="245" ind1="1" ind2="3">
      <subfield code="a">El piadoso aragonés</subfield>
      <subfield code="h">[Manuscrito] :</subfield>
      <subfield code="b">gran comedia. Emp.: ¿Tanta descompostura, Vuestra Alteza? (h. 1v)... Fin.: escrito en servicio vuestro (h. 16)</subfield>
      <subfield code="c">de frey Lope Félix de Vega Carpio</subfield>
    </datafield>
    <datafield tag="260">
      <subfield code="a">1732</subfield>
    </datafield>
    <datafield tag="300">
      <subfield code="a">16 h.</subfield>
      <subfield code="c">22 x 16 cm.</subfield>
    </datafield>
    <datafield tag="500">
      <subfield code="a">Texto con correcciones</subfield>
    </datafield>
    <datafield tag="500">
      <subfield code="a">V.a. Res/106</subfield>
    </datafield>
    <datafield tag="510" ind1="4">
      <subfield code="a">Paz, Teatro (2ª ed.), n. 2855</subfield>
    </datafield>
    <datafield tag="510" ind1="4">
      <subfield code="a">Pérez y Pérez, Mª Cruz, Bibliografía del teatro de Lope de Vega, Madrid, 1973, p. 22, n. 222</subfield>
    </datafield>
    <datafield tag="529" ind1="0" ind2="0">
      <subfield code="a">¿Tanta descompostura, Vuestra Alteza? (h. 1v)... escrito en servicio vuestro (h. 16)</subfield>
    </datafield>
    <datafield tag="596">
      <subfield code="a">Copiada de la parte XX de las Obras de Lope, en Madrid, el 15 de julio de 1732, por Isidro Rodríguez</subfield>
    </datafield>
    <datafield tag="655" ind1="7" ind2="7">
      <subfield code="a">Teatro</subfield>
      <subfield code="2">tgfbne</subfield>
    </datafield>
    <datafield tag="655" ind2="7">
      <subfield code="a">Teatro</subfield>
      <subfield code="z">España</subfield>
      <subfield code="y">S.XVI-XVII</subfield>
    </datafield>
    <datafield tag="856" ind1="4" ind2="1">
      <subfield code="u">http://bdh-rd.bne.es/viewer.vm?id=0000223343&amp;page=1</subfield>
      <subfield code="y">Biblioteca Digital Hispánica</subfield>
    </datafield>
  </record>