
  <record>
    <leader>01255ntm a2200265 4500</leader>
    <controlfield tag="001">Miam0000010205</controlfield>
    <controlfield tag="003">SpMaBN</controlfield>
    <controlfield tag="005">20181117133034.7</controlfield>
    <controlfield tag="008">060406s1626 </controlfield>
    <datafield tag="016" ind1="7">
      <subfield code="a">biamBNE20060004374</subfield>
      <subfield code="2">SpMaBN</subfield>
    </datafield>
    <datafield tag="035">
      <subfield code="a">(OCoLC)430987079</subfield>
    </datafield>
    <datafield tag="040">
      <subfield code="a">SpMaBN</subfield>
      <subfield code="b">spa</subfield>
      <subfield code="c">SpMaBN</subfield>
      <subfield code="e">rdc</subfield>
    </datafield>
    <datafield tag="100" ind1="1">
      <subfield code="a">Vega, Lope de</subfield>
      <subfield code="d">1562-1635</subfield>
      <subfield code="0">http://datos.bne.es/resource/XX1719671</subfield>
    </datafield>
    <datafield tag="240" ind1="1" ind2="3">
      <subfield code="a">El piadoso aragonés</subfield>
    </datafield>
    <datafield tag="245" ind1="1" ind2="3">
      <subfield code="a">El piadoso aragonés</subfield>
      <subfield code="h">[Manuscrito]</subfield>
      <subfield code="b"> : tragicomedia. Emp.: Tanta descompostura Vuestra Alteza (h. 1)... Fin: escrito en servicio vuestro (h. 58)</subfield>
    </datafield>
    <datafield tag="260">
      <subfield code="a">1626</subfield>
    </datafield>
    <datafield tag="300">
      <subfield code="a">II, 58 h.</subfield>
      <subfield code="c">22 x 15 cm.</subfield>
    </datafield>
    <datafield tag="500">
      <subfield code="a">Autógrafo con correcciones y firma</subfield>
    </datafield>
    <datafield tag="500">
      <subfield code="a">V.a. Mss/15086</subfield>
    </datafield>
    <datafield tag="510" ind1="4">
      <subfield code="a">Paz, Teatro (2ª ed.)</subfield>
      <subfield code="c">n. 2855</subfield>
    </datafield>
    <datafield tag="596">
      <subfield code="a">Al final: En Madrid a 17 de agosto de 1626. Licencias de representación de Pedro de Vargas Machuca. Madrid 15 septiembre 1626; y otras dos de firma ilegible en Zaragoza 1 febrero 1627, y Lisboa, 10 abril 1631</subfield>
    </datafield>
    <datafield tag="655" ind2="7">
      <subfield code="a">Teatro</subfield>
      <subfield code="2">tgfbne</subfield>
    </datafield>
    <datafield tag="655" ind2="7">
      <subfield code="a">Teatro</subfield>
      <subfield code="z">España</subfield>
      <subfield code="y">S.XVI-XVII</subfield>
      <subfield code="2">tgfbne</subfield>
    </datafield>
    <datafield tag="856" ind1="4" ind2="1">
      <subfield code="u">http://bdh-rd.bne.es/viewer.vm?id=0000100646&amp;page=1</subfield>
      <subfield code="y">Biblioteca Digital Hispánica</subfield>
    </datafield>
    <datafield tag="856" ind1="4" ind2="1">
      <subfield code="u">http://manos.net/manuscripts/bne/res-106-piadoso-el-aragones-tragicomedia</subfield>
      <subfield code="y">Manos teatrales</subfield>
    </datafield>
  </record>