
  <record>
    <leader>00703ctm a2200193 4500</leader>
    <controlfield tag="001">a4294523</controlfield>
    <controlfield tag="003">SpMaBN</controlfield>
    <controlfield tag="005">20140916203141.3</controlfield>
    <controlfield tag="008">080702s18011900sp 000 0 spa/ </controlfield>
    <datafield tag="035">
      <subfield code="a">(OCoLC)430539994</subfield>
    </datafield>
    <datafield tag="040">
      <subfield code="a">SpMaBN</subfield>
      <subfield code="b">spa</subfield>
      <subfield code="c">SpMaBN</subfield>
      <subfield code="e">rdc</subfield>
    </datafield>
    <datafield tag="100" ind1="1">
      <subfield code="a">Vega, Lope de</subfield>
      <subfield code="d">1562-1635</subfield>
    </datafield>
    <datafield tag="245" ind1="1" ind2="0">
      <subfield code="a">Poder de Lope de Vega Carpio, en favor de Pedro Duque de Velasco, tesorero del Duque de Sessa, otorgado ante el escribano Juan de Piña. Madrid, 30 de agosto de 1614</subfield>
      <subfield code="h">[Manuscrito]</subfield>
    </datafield>
    <datafield tag="260">
      <subfield code="a">S.XIX</subfield>
    </datafield>
    <datafield tag="300">
      <subfield code="a">4 h.</subfield>
      <subfield code="c">31 x 22 cm.</subfield>
    </datafield>
    <datafield tag="510" ind1="4">
      <subfield code="a">Barbieri</subfield>
      <subfield code="c">II, p. 1172, n. 3454</subfield>
    </datafield>
    <datafield tag="561">
      <subfield code="a">Francisco Asenjo Barbieri</subfield>
    </datafield>
    <datafield tag="600" ind1="1">
      <subfield code="a">Duque de Velasco, Pedro</subfield>
      <subfield code="d">fl. 1614</subfield>
      <subfield code="2">embne</subfield>
    </datafield>
    <datafield tag="700" ind1="1" ind2="1">
      <subfield code="a">Piña, Juan de</subfield>
      <subfield code="d">fl. 1614</subfield>
    </datafield>
  </record>