
  <record>
    <leader>01296ntm a2200253 4500</leader>
    <controlfield tag="001">Miam0000010192</controlfield>
    <controlfield tag="003">SpMaBN</controlfield>
    <controlfield tag="005">20181117133441.7</controlfield>
    <controlfield tag="008">060404s1623 </controlfield>
    <datafield tag="016" ind1="7">
      <subfield code="a">biamBNE20060004239</subfield>
      <subfield code="2">SpMaBN</subfield>
    </datafield>
    <datafield tag="035">
      <subfield code="a">(OCoLC)430987062</subfield>
    </datafield>
    <datafield tag="040">
      <subfield code="a">SpMaBN</subfield>
      <subfield code="b">spa</subfield>
      <subfield code="c">SpMaBN</subfield>
      <subfield code="e">rdc</subfield>
    </datafield>
    <datafield tag="100" ind1="1">
      <subfield code="a">Vega, Lope de</subfield>
      <subfield code="d">1562-1635</subfield>
      <subfield code="0">http://datos.bne.es/resource/XX1719671</subfield>
    </datafield>
    <datafield tag="245" ind1="0" ind2="3">
      <subfield code="a">El poder en el discreto</subfield>
      <subfield code="h">[Manuscrito]</subfield>
      <subfield code="b"> : comedia: Emp.: No hay caballero ni dama (h. 4)... Fin.: al poder en el discreto (h. 59v)</subfield>
    </datafield>
    <datafield tag="260">
      <subfield code="a">1623</subfield>
    </datafield>
    <datafield tag="300">
      <subfield code="a">60 h.</subfield>
      <subfield code="c">22 x 16 cm.</subfield>
    </datafield>
    <datafield tag="500">
      <subfield code="a">Autógrafo con correcciones y firma</subfield>
    </datafield>
    <datafield tag="510" ind1="4">
      <subfield code="a">Paz, Teatro (2ª ed.)</subfield>
      <subfield code="c">n. 2900</subfield>
    </datafield>
    <datafield tag="581">
      <subfield code="a">A critical edition of Lope de Vega's autograph play El poder en el discreto, by Henryk Ziomek. Madrid, 1959</subfield>
    </datafield>
    <datafield tag="596">
      <subfield code="a">Al Final: En Madrid, a 8 de mayo de 1623. Censura de Pedro de Vargas Machuca. Madrid, 18 enero 1624. Licencias de representación del Dr. Garcés. Valencia, 11 sept. 1624; y del Dr. Navarro? Cordero. Zaragoza, 2 enero 1626</subfield>
    </datafield>
    <datafield tag="655" ind2="7">
      <subfield code="a">Teatro</subfield>
      <subfield code="2">tgfbne</subfield>
    </datafield>
    <datafield tag="655" ind2="7">
      <subfield code="a">Teatro</subfield>
      <subfield code="z">España</subfield>
      <subfield code="y">S.XVI-XVII</subfield>
      <subfield code="2">tgfbne</subfield>
    </datafield>
    <datafield tag="856" ind1="4" ind2="1">
      <subfield code="u">http://bdh-rd.bne.es/viewer.vm?id=0000100642&amp;page=1</subfield>
      <subfield code="y">Biblioteca Digital Hispánica</subfield>
    </datafield>
    <datafield tag="856" ind1="4" ind2="1">
      <subfield code="u">http://manos.net/manuscripts/bne/res-90-poder-el-en-el-discreto</subfield>
      <subfield code="y">Manos teatrales</subfield>
    </datafield>
  </record>