
  <record>
    <leader>00850ntm a2200253 c 4500</leader>
    <controlfield tag="001">a5135895</controlfield>
    <controlfield tag="003">SpMaBN</controlfield>
    <controlfield tag="005">20180903125600.2</controlfield>
    <controlfield tag="008">111123q18011900sp 000 0 eng </controlfield>
    <datafield tag="035">
      <subfield code="a">(OCoLC)796336404</subfield>
    </datafield>
    <datafield tag="040">
      <subfield code="a">SpMaBN</subfield>
      <subfield code="b">spa</subfield>
      <subfield code="c">SpMaBN</subfield>
      <subfield code="e">rdc</subfield>
    </datafield>
    <datafield tag="041">
      <subfield code="a">eng</subfield>
      <subfield code="h">spa</subfield>
    </datafield>
    <datafield tag="100" ind1="1">
      <subfield code="a">Vega, Lope de</subfield>
      <subfield code="d">1562-1635</subfield>
    </datafield>
    <datafield tag="243" ind1="1" ind2="0">
      <subfield code="a">Poesía</subfield>
      <subfield code="l">Inglés</subfield>
    </datafield>
    <datafield tag="245" ind1="1" ind2="0">
      <subfield code="a">Poems not dramatic</subfield>
      <subfield code="h">[Manuscrito]</subfield>
      <subfield code="c">by Frey Lope Félix de Vega Carpio</subfield>
    </datafield>
    <datafield tag="260">
      <subfield code="a">S. XIX</subfield>
    </datafield>
    <datafield tag="300">
      <subfield code="a">I, 210 h.</subfield>
      <subfield>c33 x 22 cm</subfield>
    </datafield>
    <datafield tag="500">
      <subfield code="a">Sello de Pascual de Gayangos</subfield>
    </datafield>
    <datafield tag="500">
      <subfield code="a">Ex libris de Frederick Williams Cosens con la leyenda "Sub robore virtus"</subfield>
    </datafield>
    <datafield tag="510" ind1="4">
      <subfield code="a">Roca, Gayangos</subfield>
      <subfield code="c">n. 259</subfield>
    </datafield>
    <datafield tag="561">
      <subfield code="a">Frederick Williams Cosens</subfield>
    </datafield>
    <datafield tag="561">
      <subfield code="a">Pascual de Gayangos</subfield>
    </datafield>
    <datafield tag="597">
      <subfield code="a">Volumen dividido en dos partes, con foliación antigua independiente</subfield>
    </datafield>
    <datafield tag="597">
      <subfield code="a">H. escritas solo en el recto</subfield>
    </datafield>
  </record>