
  <record>
    <leader>01327ntm a2200229 4500</leader>
    <controlfield tag="001">Miam0000006034</controlfield>
    <controlfield tag="003">SpMaBN</controlfield>
    <controlfield tag="005">20130724165621.4</controlfield>
    <controlfield tag="008">040220q16011700 </controlfield>
    <datafield tag="016" ind1="7">
      <subfield code="a">biamBNE20040001876</subfield>
      <subfield code="2">SpMaBN</subfield>
    </datafield>
    <datafield tag="035">
      <subfield code="a">(OCoLC)430985085</subfield>
    </datafield>
    <datafield tag="040">
      <subfield code="a">SpMaBN</subfield>
      <subfield code="b">spa</subfield>
      <subfield code="c">SpMaBN</subfield>
      <subfield code="e">rdc</subfield>
    </datafield>
    <datafield tag="100" ind1="1" ind2="0">
      <subfield code="a">Vega, Lope de</subfield>
      <subfield code="d">1562-1635</subfield>
    </datafield>
    <datafield tag="245" ind1="1" ind2="0">
      <subfield code="a">Poesías de Lope de Vega</subfield>
      <subfield code="h">[Manuscrito]</subfield>
    </datafield>
    <datafield tag="260">
      <subfield code="c">S.XVII</subfield>
    </datafield>
    <datafield tag="300">
      <subfield code="a">7 h.</subfield>
      <subfield code="c">21 x 15 cm.</subfield>
    </datafield>
    <datafield tag="505" ind1="0">
      <subfield code="a">Anfriso a Belisarda: Hermosisima pastora / señora de mi albedrío (h. 1-1v). A un llanto : canción: Quien canta espanta sus males / y quien llora los aumenta (h. 2v). El Gigante a Crisalda: Cuando sale el alba hermosa / coronad a de violetas (h. 2-3v). Olimpio a una cinta negra: Pastora en vano me alegro / que me de tu desden franco (h. 3v-4). Dorindo a los zarcillos de Lucinda: Si a las orejas le pones / por zarcillos dos candados (h. 4-4v). Octavas a distintos personajes (h. 4v-7v)</subfield>
    </datafield>
    <datafield tag="529" ind1="0" ind2="2">
      <subfield code="a">Hermosisima pastora / señora de mi albedrío... (h. 1)</subfield>
    </datafield>
    <datafield tag="529" ind1="0" ind2="2">
      <subfield code="a">Quien canta espanta sus males / y quien llora los aumenta... (h. 1v)</subfield>
    </datafield>
    <datafield tag="529" ind1="0" ind2="2">
      <subfield code="a">Cuando sale el alba hermosa / coronada de violetas... (h. 2)</subfield>
    </datafield>
    <datafield tag="529" ind1="0" ind2="2">
      <subfield code="a">Pastora en vano me alegro / que me de tus desden franco... (h. 3v)</subfield>
    </datafield>
    <datafield tag="529" ind1="0" ind2="2">
      <subfield code="a">Si a las orejas le pones / por zarcillos dos candados... (h. 4)</subfield>
    </datafield>
  </record>