
  <record>
    <leader>01250ctm a2200277 4500</leader>
    <controlfield tag="001">a4609443</controlfield>
    <controlfield tag="003">SpMaBN</controlfield>
    <controlfield tag="005">20181113004140.3</controlfield>
    <controlfield tag="008">091005q18511900sp 000 0 spa/ </controlfield>
    <datafield tag="035">
      <subfield code="a">(OCoLC)740336533</subfield>
    </datafield>
    <datafield tag="040">
      <subfield code="a">SpMaBN</subfield>
      <subfield code="b">spa</subfield>
      <subfield code="c">SpMaBN</subfield>
      <subfield code="e">rdc</subfield>
    </datafield>
    <datafield tag="100" ind1="1">
      <subfield code="a">Vega, Ventura de la</subfield>
      <subfield code="d">1807-1865</subfield>
    </datafield>
    <datafield tag="240" ind1="1" ind2="3">
      <subfield code="a">El premio del bien hablar</subfield>
    </datafield>
    <datafield tag="245" ind1="1" ind2="3">
      <subfield code="a">El premio del bien hablar</subfield>
      <subfield code="h">[Manuscrito] :</subfield>
      <subfield code="b">comedia en tres actos.Emp.: A tal templo de hermosura (h. 1)... Fin.: el Fénix de los ingenios (h. 5)</subfield>
      <subfield code="c">de Lope de Vega[; refundida por Ventura de la Vega]</subfield>
    </datafield>
    <datafield tag="260">
      <subfield code="a">[ca. 1859]</subfield>
    </datafield>
    <datafield tag="300">
      <subfield code="a">5 h.</subfield>
      <subfield code="c">32 x 21 cm.</subfield>
    </datafield>
    <datafield tag="500">
      <subfield code="a">Borrador autógrafo, con correcciones e incompleto, de Ventura de la Vega</subfield>
    </datafield>
    <datafield tag="500">
      <subfield code="a">V.a. Mss/14612/12</subfield>
    </datafield>
    <datafield tag="510" ind1="4">
      <subfield code="a">Paz, Teatro (2ª ed.)</subfield>
      <subfield code="c">n. 8548</subfield>
    </datafield>
    <datafield tag="529" ind1="0" ind2="0">
      <subfield code="a">A tal templo de hermosura (h. 1)... el Fénix de los ingenios (h. 5)</subfield>
    </datafield>
    <datafield tag="596">
      <subfield code="a">Representada el 25 de noviembre de 1859, según la ed. de Obras escogidas de Ventura de la Vega, Barcelona, 1894</subfield>
    </datafield>
    <datafield tag="597">
      <subfield code="a">En blanco la h. 3v</subfield>
    </datafield>
    <datafield tag="655" ind1="7" ind2="7">
      <subfield code="a">Teatro</subfield>
      <subfield code="2">tgfbne</subfield>
    </datafield>
    <datafield tag="655" ind2="7">
      <subfield code="a">Teatro</subfield>
      <subfield code="z">España</subfield>
      <subfield code="y">S.XVI-XVII</subfield>
    </datafield>
    <datafield tag="700" ind1="1">
      <subfield code="a">Vega, Lope de</subfield>
      <subfield code="d">1562-1635</subfield>
      <subfield code="t">El premio del bien hablar</subfield>
    </datafield>
    <datafield tag="856" ind1="4" ind2="1">
      <subfield code="u">http://bdh-rd.bne.es/viewer.vm?id=0000225714&amp;page=1</subfield>
      <subfield code="y">Biblioteca Digital Hispánica</subfield>
    </datafield>
  </record>