
  <record>
    <leader>01627ctm a2200349 4500</leader>
    <controlfield tag="001">a4637030</controlfield>
    <controlfield tag="003">SpMaBN</controlfield>
    <controlfield tag="005">20181113004142.3</controlfield>
    <controlfield tag="008">091123s1614 sp 000 0 spa/ </controlfield>
    <datafield tag="035">
      <subfield code="a">(OCoLC)740338381</subfield>
    </datafield>
    <datafield tag="040">
      <subfield code="a">SpMaBN</subfield>
      <subfield code="b">spa</subfield>
      <subfield code="c">SpMaBN</subfield>
      <subfield code="e">rdc</subfield>
    </datafield>
    <datafield tag="100" ind1="1">
      <subfield code="a">Vega, Lope de</subfield>
      <subfield code="d">1562-1635</subfield>
      <subfield code="0">http://datos.bne.es/resource/XX1719671</subfield>
    </datafield>
    <datafield tag="245" ind1="1" ind2="3">
      <subfield code="a">El príncipe perfecto</subfield>
      <subfield code="h">[Manuscrito] :</subfield>
      <subfield code="b">[comedia].</subfield>
      <subfield code="n">Primera parte. Emp.: La misma naturaleza (h. 5)... Fin.: fin del Príncipe perfecto (h. 79v)</subfield>
      <subfield code="c">Lope de Vega</subfield>
    </datafield>
    <datafield tag="260">
      <subfield code="a">1614</subfield>
    </datafield>
    <datafield tag="300">
      <subfield code="a">80 h.</subfield>
      <subfield code="c">23 x 17 cm.</subfield>
    </datafield>
    <datafield tag="500">
      <subfield code="a">Firmas de Philipe Conte de Montoya y Luis Ramírez de Arellano</subfield>
    </datafield>
    <datafield tag="500">
      <subfield code="a">V.a. Mss/15697; y Mss/15692, segunda parte de la comedia</subfield>
    </datafield>
    <datafield tag="510" ind1="4">
      <subfield code="a">Paz, Teatro (2ª ed.)</subfield>
      <subfield code="c">n. 2986</subfield>
    </datafield>
    <datafield tag="510" ind1="4">
      <subfield code="a">Rocamora, Osuna</subfield>
      <subfield code="c">n. 1074</subfield>
    </datafield>
    <datafield tag="510" ind1="4">
      <subfield code="a">Morley-Bruerton, Cronología de las comedias de Lope de Vega</subfield>
      <subfield code="c">p. 383</subfield>
    </datafield>
    <datafield tag="510" ind1="4">
      <subfield code="a">Urzáiz Tortajada, Héctor, Catálogo de autores teatrales del siglo XVII, Madrid, 2002</subfield>
      <subfield code="c">p. 677</subfield>
    </datafield>
    <datafield tag="529" ind1="0" ind2="0">
      <subfield code="a">La misma naturaleza (h. 5)... fin del Príncipe perfecto (h. 79v)</subfield>
    </datafield>
    <datafield tag="546">
      <subfield code="a">Letra de distintas manos</subfield>
    </datafield>
    <datafield tag="561">
      <subfield code="a">Duque de Osuna e Infantado</subfield>
    </datafield>
    <datafield tag="596">
      <subfield code="a">Licencia de representación en Zaragoza, el 28 de noviembre de 1616, por Juan de Oquendo</subfield>
    </datafield>
    <datafield tag="597">
      <subfield code="a">En blanco las h. 30v y 56r</subfield>
    </datafield>
    <datafield tag="597">
      <subfield code="a">Repetida la h. 70</subfield>
    </datafield>
    <datafield tag="597">
      <subfield code="a">Restaurado</subfield>
    </datafield>
    <datafield tag="655" ind1="7" ind2="7">
      <subfield code="a">Teatro</subfield>
      <subfield code="2">tgfbne</subfield>
    </datafield>
    <datafield tag="655" ind2="7">
      <subfield code="a">Teatro</subfield>
      <subfield code="z">España</subfield>
      <subfield code="y">S.XVI-XVII</subfield>
    </datafield>
    <datafield tag="856" ind1="4" ind2="1">
      <subfield code="u">http://bdh-rd.bne.es/viewer.vm?id=0000014085&amp;page=1</subfield>
      <subfield code="y">Biblioteca Digital Hispánica</subfield>
    </datafield>
    <datafield tag="856" ind1="4" ind2="1">
      <subfield code="u">http://manos.net/manuscripts/bne/15-181-principe-el-perfecto-primera-parte</subfield>
      <subfield code="y">Manos teatrales</subfield>
    </datafield>
  </record>