
  <record>
    <leader>01369ntm a2200313 4500</leader>
    <controlfield tag="001">Miam0000010440</controlfield>
    <controlfield tag="003">SpMaBN</controlfield>
    <controlfield tag="005">20181113004131.3</controlfield>
    <controlfield tag="008">060510s1609 </controlfield>
    <datafield tag="016" ind1="7">
      <subfield code="a">biamBNE20060006725</subfield>
      <subfield code="2">SpMaBN</subfield>
    </datafield>
    <datafield tag="035">
      <subfield code="a">(OCoLC)430987500</subfield>
    </datafield>
    <datafield tag="040">
      <subfield code="a">SpMaBN</subfield>
      <subfield code="b">spa</subfield>
      <subfield code="c">SpMaBN</subfield>
      <subfield code="e">rdc</subfield>
    </datafield>
    <datafield tag="100" ind1="1">
      <subfield code="a">Vega, Lope de</subfield>
      <subfield code="d">1562-1635</subfield>
      <subfield code="0">http://datos.bne.es/resource/XX1719671</subfield>
    </datafield>
    <datafield tag="240" ind1="1" ind2="3">
      <subfield code="a">La prueba de los amigos</subfield>
    </datafield>
    <datafield tag="245" ind1="1" ind2="3">
      <subfield code="a">La prueba de los amigos</subfield>
      <subfield code="h">[Manuscrito]</subfield>
      <subfield code="b"> : comedia famosa. Emp.: Téngale Dios en el cielo (h. 5)... Fin.: la prueba de los amigos (h. 59v)</subfield>
    </datafield>
    <datafield tag="260">
      <subfield code="a">1604</subfield>
    </datafield>
    <datafield tag="300">
      <subfield code="a">62 h.</subfield>
      <subfield code="c">21 x 15 cm.</subfield>
    </datafield>
    <datafield tag="500">
      <subfield code="a">Autógrafo con correcciones y firma</subfield>
    </datafield>
    <datafield tag="500">
      <subfield code="a">V.a. Mss/15111</subfield>
    </datafield>
    <datafield tag="510" ind1="4">
      <subfield code="a">Paz, Teatro (2ª ed.)</subfield>
      <subfield code="c">n. 3016</subfield>
    </datafield>
    <datafield tag="581">
      <subfield code="a">Ed. facs. Madrid, Instituto de España, 1963</subfield>
    </datafield>
    <datafield tag="596">
      <subfield code="a">Al final: En Toledo, a 12 de setiembre de 1604.</subfield>
    </datafield>
    <datafield tag="596">
      <subfield code="a">Censuras y licencias de representación en Madrid y Zaragoza, 1608; Burgos, 1609; Zaragoza, 1612; y Murcia, 1609</subfield>
    </datafield>
    <datafield tag="597">
      <subfield code="a">Restaurado</subfield>
    </datafield>
    <datafield tag="655" ind2="7">
      <subfield code="a">Teatro</subfield>
      <subfield code="2">tgfbne</subfield>
    </datafield>
    <datafield tag="655" ind2="7">
      <subfield code="a">Teatro</subfield>
      <subfield code="z">España</subfield>
      <subfield code="y">S.XVI-XVII</subfield>
    </datafield>
    <datafield tag="775" ind1="0" ind2="8">
      <subfield code="i">Reproducción facsímil: </subfield>
      <subfield code="t">La prueba de los amigos</subfield>
      <subfield code="w">bimo0001552987</subfield>
    </datafield>
    <datafield tag="856" ind1="4" ind2="1">
      <subfield code="u">http://bdh-rd.bne.es/viewer.vm?id=0000099772&amp;page=1</subfield>
      <subfield code="y">Biblioteca Digital Hispánica</subfield>
    </datafield>
    <datafield tag="856" ind1="4" ind2="1">
      <subfield code="u">http://manos.net/manuscripts/bne/res-168-prueba-la-de-los-amigos</subfield>
      <subfield code="y">Manos teatrales</subfield>
    </datafield>
  </record>