
  <record>
    <leader>00795ctm a2200205 4500</leader>
    <controlfield tag="001">a4638108</controlfield>
    <controlfield tag="003">SpMaBN</controlfield>
    <controlfield tag="005">20181113004142.3</controlfield>
    <controlfield tag="008">091125q17011800sp 000 d spa/ </controlfield>
    <datafield tag="035">
      <subfield code="a">(OCoLC)740338474</subfield>
    </datafield>
    <datafield tag="040">
      <subfield code="a">SpMaBN</subfield>
      <subfield code="b">spa</subfield>
      <subfield code="c">SpMaBN</subfield>
      <subfield code="e">rdc</subfield>
    </datafield>
    <datafield tag="100" ind1="1">
      <subfield code="a">Vega, Lope de</subfield>
      <subfield code="d">1562-1635</subfield>
    </datafield>
    <datafield tag="245" ind1="1" ind2="4">
      <subfield code="a">Los Ramírez de Arellano</subfield>
      <subfield code="h">[Manuscrito] :</subfield>
      <subfield code="b">tragicomedia. Emp.: Apriétame el pecho bien (h. 2) ... Fin.: los Ramírez Arellano (h. 23v)</subfield>
      <subfield code="c">de Lope [de Vega]</subfield>
    </datafield>
    <datafield tag="260">
      <subfield code="a">S. XIX</subfield>
    </datafield>
    <datafield tag="300">
      <subfield code="a">23 p.</subfield>
      <subfield code="c">23 x 17 cm.</subfield>
    </datafield>
    <datafield tag="510" ind1="4">
      <subfield code="a">Paz, Teatro (2ª ed.), n. 3084</subfield>
    </datafield>
    <datafield tag="529" ind1="0" ind2="0">
      <subfield code="a">Apriétame el pecho bien (h. 2) ... los Ramírez Arellano (h. 23v)</subfield>
    </datafield>
    <datafield tag="655" ind2="7">
      <subfield code="a">Teatro</subfield>
      <subfield code="2">tgfbne</subfield>
    </datafield>
    <datafield tag="655" ind2="7">
      <subfield code="a">Teatro</subfield>
      <subfield code="z">España</subfield>
      <subfield code="y">S.XVI-XVII</subfield>
    </datafield>
    <datafield tag="856" ind1="4" ind2="1">
      <subfield code="u">http://bdh-rd.bne.es/viewer.vm?id=0000225317&amp;page=1</subfield>
      <subfield code="y">Biblioteca Digital Hispánica</subfield>
    </datafield>
  </record>