
  <record>
    <leader>00998ctm a2200229 4500</leader>
    <controlfield tag="001">a4619952</controlfield>
    <controlfield tag="003">SpMaBN</controlfield>
    <controlfield tag="005">20181113004141.3</controlfield>
    <controlfield tag="008">091022q18011850sp 000 0 spa/ </controlfield>
    <datafield tag="035">
      <subfield code="a">(OCoLC)740337198</subfield>
    </datafield>
    <datafield tag="040">
      <subfield code="a">SpMaBN</subfield>
      <subfield code="b">spa</subfield>
      <subfield code="c">SpMaBN</subfield>
      <subfield code="e">rdc</subfield>
    </datafield>
    <datafield tag="100" ind1="1">
      <subfield code="a">Vega, Lope de</subfield>
      <subfield code="d">1562-1635</subfield>
    </datafield>
    <datafield tag="245" ind1="1" ind2="3">
      <subfield code="a">El robo deDina</subfield>
      <subfield code="h">[Manuscrito] :</subfield>
      <subfield code="b">comedia famosa. Emp.: Por aquí dicen que van (h. 3)... Fin.: da fin El robo de Dina (h. 28)</subfield>
      <subfield code="c">de frey Lope Félix de Vega Carpio</subfield>
    </datafield>
    <datafield tag="260">
      <subfield code="a">S.XIX</subfield>
    </datafield>
    <datafield tag="300">
      <subfield code="a">28 h.</subfield>
      <subfield code="c">23 x 16 cm.</subfield>
    </datafield>
    <datafield tag="510" ind1="4">
      <subfield code="a">Paz, Teatro (2ª ed.)</subfield>
      <subfield code="c">n. 3195</subfield>
    </datafield>
    <datafield tag="510" ind1="4">
      <subfield code="a">Pérez y Pérez, María Cruz, Bibliografía del teatro de Lope de Vega, Madrid, 1973</subfield>
      <subfield code="c">n. 249</subfield>
    </datafield>
    <datafield tag="510" ind1="4">
      <subfield code="a">Morley-Bruerton. Cronología de las comedias de Lope de Vega</subfield>
      <subfield code="c">p. 549-550</subfield>
    </datafield>
    <datafield tag="529" ind1="0" ind2="0">
      <subfield code="a">Por aquí dicen que van (h. 3)... da fin El robo de Dina (h. 28)</subfield>
    </datafield>
    <datafield tag="655" ind1="7" ind2="7">
      <subfield code="a">Teatro</subfield>
      <subfield code="2">tgfbne</subfield>
    </datafield>
    <datafield tag="655" ind2="7">
      <subfield code="a">Teatro</subfield>
      <subfield code="z">España</subfield>
      <subfield code="y">S.XVI-XVII</subfield>
    </datafield>
    <datafield tag="856" ind1="4" ind2="1">
      <subfield code="u">http://bdh-rd.bne.es/viewer.vm?id=0000223508&amp;page=1</subfield>
      <subfield code="y">Biblioteca Digital Hispánica</subfield>
    </datafield>
  </record>