
  <record>
    <leader>00928ctm a2200229 4500</leader>
    <controlfield tag="001">a4624280</controlfield>
    <controlfield tag="003">SpMaBN</controlfield>
    <controlfield tag="005">20181113004141.3</controlfield>
    <controlfield tag="008">091029q18011900sp 000 0 spa/ </controlfield>
    <datafield tag="035">
      <subfield code="a">(OCoLC)740337518</subfield>
    </datafield>
    <datafield tag="040">
      <subfield code="a">SpMaBN</subfield>
      <subfield code="b">spa</subfield>
      <subfield code="c">SpMaBN</subfield>
      <subfield code="e">rdc</subfield>
    </datafield>
    <datafield tag="100" ind1="1">
      <subfield code="a">Vega, Lope de</subfield>
      <subfield code="d">1562-1635</subfield>
    </datafield>
    <datafield tag="245" ind1="1" ind2="3">
      <subfield code="a">El saber por no saber y Vida de San Julián de Alcalá de Henares</subfield>
      <subfield code="h">[Manuscrito] :</subfield>
      <subfield code="b">comedia famosa. Emp.: Sin replicar se desnude (h. 3)... Fin.: que supo ganar el cielo (h. 26)</subfield>
      <subfield code="c">de frey Lope Félix de Vega Carpio</subfield>
    </datafield>
    <datafield tag="260">
      <subfield code="a">S.XIX</subfield>
    </datafield>
    <datafield tag="300">
      <subfield code="a">26 h.</subfield>
      <subfield code="c">23 x 17 cm.</subfield>
    </datafield>
    <datafield tag="500">
      <subfield code="a">V.a. Mss/17058</subfield>
    </datafield>
    <datafield tag="510" ind1="4">
      <subfield code="a">Paz, Teatro (2ª ed.)</subfield>
      <subfield code="c">n. 3290</subfield>
    </datafield>
    <datafield tag="510" ind1="4">
      <subfield code="a">Castro, Franciscanos</subfield>
      <subfield code="c">n. 579</subfield>
    </datafield>
    <datafield tag="529" ind1="0" ind2="0">
      <subfield code="a">Sin replicar se desnude (h. 3)... que supo ganar el cielo (h. 26)</subfield>
    </datafield>
    <datafield tag="655" ind1="7" ind2="7">
      <subfield code="a">Teatro</subfield>
      <subfield code="2">tgfbne</subfield>
    </datafield>
    <datafield tag="655" ind2="7">
      <subfield code="a">Teatro</subfield>
      <subfield code="z">España</subfield>
      <subfield code="y">S.XVI-XVII</subfield>
    </datafield>
    <datafield tag="856" ind1="4" ind2="1">
      <subfield code="u">http://bdh-rd.bne.es/viewer.vm?id=0000223337&amp;page=1</subfield>
      <subfield code="y">Biblioteca Digital Hispánica</subfield>
    </datafield>
  </record>