
  <record>
    <leader>01780ctm a2200337 i 4500</leader>
    <controlfield tag="001">a4756105</controlfield>
    <controlfield tag="003">SpMaBN</controlfield>
    <controlfield tag="005">20181113004146.3</controlfield>
    <controlfield tag="008">100520s1629 sp 000 0 spa/ </controlfield>
    <datafield tag="035">
      <subfield code="a">(OCoLC)740346960</subfield>
    </datafield>
    <datafield tag="040">
      <subfield code="a">SpMaBN</subfield>
      <subfield code="b">spa</subfield>
      <subfield code="c">SpMaBN</subfield>
      <subfield code="e">rdc</subfield>
    </datafield>
    <datafield tag="080">
      <subfield code="a">821.134.1-2</subfield>
    </datafield>
    <datafield tag="100" ind1="1">
      <subfield code="a">Mira de Amescua, Antonio</subfield>
      <subfield code="d">1577-1644</subfield>
      <subfield code="0">http://datos.bne.es/resource/XX1154933</subfield>
    </datafield>
    <datafield tag="240" ind1="1" ind2="3">
      <subfield code="a">La Inquisición</subfield>
    </datafield>
    <datafield tag="245" ind1="1" ind2="3">
      <subfield code="a">La Santa Inquisición</subfield>
      <subfield code="h">[Manuscrito] :</subfield>
      <subfield code="b">auto sacramental. Emp.: Corrido de mí mismo (p. 1)... Fin.: de la Santa Inquisición (p. 44)</subfield>
      <subfield code="c">del doctor Mira de Mescua</subfield>
    </datafield>
    <datafield tag="260">
      <subfield code="a">1629</subfield>
    </datafield>
    <datafield tag="300">
      <subfield code="a">III h, 44 p.</subfield>
      <subfield code="c">23 x 16 cm.</subfield>
    </datafield>
    <datafield tag="500">
      <subfield code="a">V.a. Res/68, con variaciones, y Mss/14785</subfield>
    </datafield>
    <datafield tag="510" ind1="4">
      <subfield code="a">Paz, Teatro (2ª ed.)</subfield>
      <subfield code="c">n. 3305</subfield>
    </datafield>
    <datafield tag="510" ind1="4">
      <subfield code="a">Rocamora, Osuna</subfield>
      <subfield code="c">n. 1203</subfield>
    </datafield>
    <datafield tag="510" ind1="4">
      <subfield code="a">Barrera y Leirado, Cayetano Alberto de la, Catálogo bibliográfico y biográfico del teatro antiguo español, Madrid, 1969</subfield>
      <subfield code="c">p. 260</subfield>
    </datafield>
    <datafield tag="510" ind1="4">
      <subfield code="a">Menéndez Pelayo, Marcelino, Estudios sobre el teatro de Lope de Vega, Santander, 1949</subfield>
      <subfield code="c">vol. I, p. 126</subfield>
    </datafield>
    <datafield tag="510" ind1="4">
      <subfield code="a">Valladares Reguero, Aurelio, Bibliografía de Antonio Mira de Amescua, Kassel, 2004</subfield>
      <subfield code="c">p. 90, n. 391</subfield>
    </datafield>
    <datafield tag="510" ind1="4">
      <subfield code="a">Urzáiz Tortajada, Héctor, Catálogo de autores teatrales del siglo XVII, Madrid, 2002</subfield>
      <subfield code="c">vol. II, p. 668</subfield>
    </datafield>
    <datafield tag="594">
      <subfield code="a">En portada: compuesto por Lope Félix Vega Carpio. Año de 1629</subfield>
    </datafield>
    <datafield tag="596">
      <subfield code="a">En h. 4: Representóse en esta Corte en el año de 1624</subfield>
    </datafield>
    <datafield tag="655" ind1="7" ind2="7">
      <subfield code="a">Teatro</subfield>
      <subfield code="2">tgfbne</subfield>
    </datafield>
    <datafield tag="655" ind2="7">
      <subfield code="a">Teatro</subfield>
      <subfield code="z">España</subfield>
      <subfield code="y">S.XVI-XVII</subfield>
    </datafield>
    <datafield tag="700" ind1="1">
      <subfield code="a">Vega, Lope de</subfield>
      <subfield code="d">1562-1635</subfield>
      <subfield code="0">http://datos.bne.es/resource/XX1719671</subfield>
    </datafield>
    <datafield tag="856" ind1="4" ind2="1">
      <subfield code="u">http://bdh-rd.bne.es/viewer.vm?id=0000053715&amp;page=1</subfield>
      <subfield code="y">Biblioteca Digital Hispánica</subfield>
    </datafield>
    <datafield tag="856" ind1="4" ind2="1">
      <subfield code="u">http://manos.net/manuscripts/bne/16-989-santa-la-inquisicion-auto-sacramental</subfield>
      <subfield code="y">Manos teatrales</subfield>
    </datafield>
  </record>