
  <record>
    <leader>01811ctm a2200337 4500</leader>
    <controlfield tag="001">a4628373</controlfield>
    <controlfield tag="003">SpMaBN</controlfield>
    <controlfield tag="005">20181113004141.3</controlfield>
    <controlfield tag="008">091105q1638 sp 000 0 spa/ </controlfield>
    <datafield tag="035">
      <subfield code="a">(OCoLC)740337831</subfield>
    </datafield>
    <datafield tag="040">
      <subfield code="a">SpMaBN</subfield>
      <subfield code="b">spa</subfield>
      <subfield code="c">SpMaBN</subfield>
      <subfield code="e">rdc</subfield>
    </datafield>
    <datafield tag="100" ind1="1">
      <subfield code="a">Vega, Lope de</subfield>
      <subfield code="d">1562-1635</subfield>
    </datafield>
    <datafield tag="240" ind1="1" ind2="3">
      <subfield code="a">El niño inocente de la Guardia</subfield>
    </datafield>
    <datafield tag="245" ind1="1" ind2="3">
      <subfield code="a">El Santo Niño de la Guardia, segundo Cristo</subfield>
      <subfield code="h">[Manuscrito] .</subfield>
      <subfield code="b">Emp.: ¿Qué hace el Rey mi señor? (h. 1)... Fin.: inocente de la Guardia (h. 53v)</subfield>
      <subfield code="c">Lopede Vega</subfield>
    </datafield>
    <datafield tag="260">
      <subfield code="a">[ca. 1638]</subfield>
    </datafield>
    <datafield tag="300">
      <subfield code="a">I, 55 h.</subfield>
      <subfield code="c">22 x 15 cm.</subfield>
    </datafield>
    <datafield tag="500">
      <subfield code="a">Texto con correcciones</subfield>
    </datafield>
    <datafield tag="500">
      <subfield code="a">Sello de Agustín Durán</subfield>
    </datafield>
    <datafield tag="510" ind1="4">
      <subfield code="a">Paz, Teatro (2ª ed.)</subfield>
      <subfield code="c">n. 3313</subfield>
    </datafield>
    <datafield tag="510" ind1="4">
      <subfield code="a">Inventario de la Librería que fue del Excmo. Sr. D. Agustín Durán, comprada por el Gobierno de S.M. con destino a la Biblioteca Nacional, en virtud de Real Orden fecha en 27 de junio de 1863, en Memoria remitida al Excmo. Sr. Ministro de Fomento..., por el Director de la Biblioteca Nacional, Madrid, 1865</subfield>
      <subfield code="c">p. 111</subfield>
    </datafield>
    <datafield tag="510" ind1="4">
      <subfield code="a">Pérez y Pérez, María Cruz, Bibliografía del teatro de Lope de Vega, Madrid, 1973</subfield>
      <subfield code="c">n. 265</subfield>
    </datafield>
    <datafield tag="529" ind1="0" ind2="0">
      <subfield code="a">¿Qué hace el Rey mi señor? (h. 1)... inocente de la Guardia (h. 53v)</subfield>
    </datafield>
    <datafield tag="561">
      <subfield code="a">Agustín Durán</subfield>
    </datafield>
    <datafield tag="596">
      <subfield code="a">Copia de Diego Tornero Azpetia</subfield>
    </datafield>
    <datafield tag="596">
      <subfield code="a">Licencia de representación en Málaga, el 7 de enero de 1638</subfield>
    </datafield>
    <datafield tag="596">
      <subfield code="a">Licencia eclesiástica en Valencia, el 1 de octubre de 1640</subfield>
    </datafield>
    <datafield tag="597">
      <subfield code="a">Varias hojas en blanco y sin foliar entre las h. 18-19 y 37-38</subfield>
    </datafield>
    <datafield tag="655" ind1="7" ind2="7">
      <subfield code="a">Teatro</subfield>
      <subfield code="2">tgfbne</subfield>
    </datafield>
    <datafield tag="655" ind2="7">
      <subfield code="a">Teatro</subfield>
      <subfield code="z">España</subfield>
      <subfield code="y">S.XVI-XVII</subfield>
    </datafield>
    <datafield tag="856" ind1="4" ind2="1">
      <subfield code="u">http://bdh-rd.bne.es/viewer.vm?id=0000214869&amp;page=1</subfield>
      <subfield code="y">Biblioteca Digital Hispánica</subfield>
    </datafield>
    <datafield tag="856" ind1="4" ind2="1">
      <subfield code="u">http://manos.net/manuscripts/bne/14-978-santo-el-nino-de-la-guardia-segundo-cristo</subfield>
      <subfield code="y">Manos teatrales</subfield>
    </datafield>
  </record>