
  <record>
    <leader>01106ctm a2200253 i 4500</leader>
    <controlfield tag="001">a4778137</controlfield>
    <controlfield tag="003">SpMaBN</controlfield>
    <controlfield tag="005">20180721000000.7</controlfield>
    <controlfield tag="008">100623q16011700sp 000 0 spa </controlfield>
    <datafield tag="035">
      <subfield code="a">(OCoLC)740348395</subfield>
    </datafield>
    <datafield tag="040">
      <subfield code="a">SpMaBN</subfield>
      <subfield code="b">spa</subfield>
      <subfield code="c">SpMaBN</subfield>
      <subfield code="e">rdc</subfield>
    </datafield>
    <datafield tag="100" ind1="1">
      <subfield code="a">Vega, Lope de</subfield>
      <subfield code="d">1562-1635</subfield>
    </datafield>
    <datafield tag="245" ind1="1" ind2="3">
      <subfield code="a">El secretario de sí mismo</subfield>
      <subfield code="h">[Manuscrito] :</subfield>
      <subfield code="b">comedia. Emp.: ¿Qué me mandáis de Milán? (h. 1)... Fin.: ¡Ay! secretario del alma (h. 35)</subfield>
      <subfield code="c">de [Lope de Vega]</subfield>
    </datafield>
    <datafield tag="260">
      <subfield code="a">S. XVII</subfield>
    </datafield>
    <datafield tag="300">
      <subfield code="a">IV, 35h.</subfield>
      <subfield code="c">23 x 17 cm.</subfield>
    </datafield>
    <datafield tag="510" ind1="4">
      <subfield code="a">Paz, Teatro (2ª ed.)</subfield>
      <subfield code="c">n. 3329</subfield>
    </datafield>
    <datafield tag="510" ind1="4">
      <subfield code="a">Rocamora, Osuna</subfield>
      <subfield code="c">n. 1222</subfield>
    </datafield>
    <datafield tag="510" ind1="4">
      <subfield code="a">Urzáiz Tortajada, Héctor, Catálogo de autores teatrales del siglo XVII, Madrid, 2002</subfield>
      <subfield code="c">vol. II, p. 680</subfield>
    </datafield>
    <datafield tag="529" ind1="0" ind2="0">
      <subfield code="a">¿Qué me mandáis de Milán? (h. 1)... ¡Ay! secretario del alma (h. 35)</subfield>
    </datafield>
    <datafield tag="561">
      <subfield code="a">Duque de Osuna e Infantado</subfield>
    </datafield>
    <datafield tag="593">
      <subfield code="a">Autor tomado de Paz</subfield>
    </datafield>
    <datafield tag="655" ind1="7" ind2="7">
      <subfield code="a">Teatro</subfield>
      <subfield code="2">tgfbne</subfield>
    </datafield>
    <datafield tag="856" ind1="4" ind2="1">
      <subfield code="u">http://bdh-rd.bne.es/viewer.vm?id=0000239740&amp;page=1</subfield>
      <subfield code="y">Biblioteca Digital Hispánica</subfield>
    </datafield>
    <datafield tag="856" ind1="4" ind2="1">
      <subfield code="u">http://manos.net/manuscripts/bne/17-326-secretario-el-de-si-mismo</subfield>
      <subfield code="y">Manos teatrales</subfield>
    </datafield>
  </record>