
  <record>
    <leader>02112ctm a2200349 4500</leader>
    <controlfield tag="001">a4652624</controlfield>
    <controlfield tag="003">SpMaBN</controlfield>
    <controlfield tag="005">20181113004143.3</controlfield>
    <controlfield tag="008">091217q16011700sp 000 0 spa/ </controlfield>
    <datafield tag="035">
      <subfield code="a">(OCoLC)740339652</subfield>
    </datafield>
    <datafield tag="040">
      <subfield code="a">SpMaBN</subfield>
      <subfield code="b">spa</subfield>
      <subfield code="c">SpMaBN</subfield>
      <subfield code="e">rdc</subfield>
    </datafield>
    <datafield tag="100" ind1="1">
      <subfield code="a">Vega, Lope de</subfield>
      <subfield code="d">1562-1635</subfield>
    </datafield>
    <datafield tag="240" ind1="1" ind2="4">
      <subfield code="a">Las hazañas del segundo David</subfield>
    </datafield>
    <datafield tag="245" ind1="1" ind2="3">
      <subfield code="a">El segundo David</subfield>
      <subfield code="h">[Manuscrito] :</subfield>
      <subfield code="b">auto sacramental. Emp.: Cuándo, David soberano (h. 1)... Fin.: y en Jerusalén entremos (h. 16)</subfield>
      <subfield code="c">[Lope de Vega]</subfield>
    </datafield>
    <datafield tag="260">
      <subfield code="a">S.XVII</subfield>
    </datafield>
    <datafield tag="300">
      <subfield code="a">16 h.</subfield>
      <subfield code="c">23 x 16 cm.</subfield>
    </datafield>
    <datafield tag="500">
      <subfield code="a">Sello de Agustín Durán</subfield>
    </datafield>
    <datafield tag="500">
      <subfield code="a">V.a. Mss/14773 (421-443) y Mss/16279 (195-224)</subfield>
    </datafield>
    <datafield tag="510" ind1="4">
      <subfield code="a">Paz, Teatro (2ª ed.)</subfield>
      <subfield code="c">n. 3340</subfield>
    </datafield>
    <datafield tag="510" ind1="4">
      <subfield code="a">Inventario de la Librería que fue del Excmo. Sr. D. Agustín Durán, comprada por el Gobierno de S.M. con destino a la Biblioteca Nacional, en virtud de Real Orden fecha en 27 de junio de 1863, en Memoria remitida al Excmo. Sr. Ministro de Fomento..., por el Director de la Biblioteca Nacional, Madrid, 1865</subfield>
      <subfield code="c">p. 95</subfield>
    </datafield>
    <datafield tag="510" ind1="4">
      <subfield code="a">Simón Díaz, BLH</subfield>
      <subfield code="c">t. VII, p. 80, n. 772</subfield>
    </datafield>
    <datafield tag="510" ind1="4">
      <subfield code="a">Urzáiz Tortajada, Héctor, Catálogo de autores teatrales del siglo XVII, Madrid, 2002</subfield>
      <subfield code="c">vol. I, p. 202</subfield>
    </datafield>
    <datafield tag="510" ind1="4">
      <subfield code="a">Reichenberger, Kurt y Roswitha, Bibliographisches Handbuch der Calderón-Forschung: Manual bibliográfico calderoniano, Kassel, 1979-1981</subfield>
      <subfield code="c">vol. I, p. 808, n. 3298</subfield>
    </datafield>
    <datafield tag="510" ind1="4">
      <subfield code="a">Avalle-Arce, Juan Bautista, Un auto de Calderón inexistente, en Estudios sobre el Siglo de Oro en homenaje a Raymond R. MacCurdy, Madrid, Cátedra, 1983</subfield>
      <subfield code="c">p. 119</subfield>
    </datafield>
    <datafield tag="510" ind1="4">
      <subfield code="a">Lope de Vega Carpio, Las hazañas del segundo David, ed. de Juan Bautista Avalle-Arce y Gregorio Cervantes Martín, Madrid, Gredos, 1985</subfield>
      <subfield code="c">p. 17</subfield>
    </datafield>
    <datafield tag="529" ind1="0" ind2="0">
      <subfield code="a">Cuándo, David soberano (h. 1)... y en Jerusalén entremos (h. 16)</subfield>
    </datafield>
    <datafield tag="561">
      <subfield code="a">Agustín Durán</subfield>
    </datafield>
    <datafield tag="593">
      <subfield code="a">Atribuido a Calderón por algunos autores</subfield>
    </datafield>
    <datafield tag="593">
      <subfield code="a">Autor tomado de la ed. de Madrid, 1985</subfield>
    </datafield>
    <datafield tag="655" ind1="7" ind2="7">
      <subfield code="a">Teatro</subfield>
      <subfield code="2">tgfbne</subfield>
    </datafield>
    <datafield tag="655" ind2="7">
      <subfield code="a">Teatro</subfield>
      <subfield code="z">España</subfield>
      <subfield code="y">S.XVI-XVII</subfield>
    </datafield>
    <datafield tag="856" ind1="4" ind2="1">
      <subfield code="u">http://bdh-rd.bne.es/viewer.vm?id=0000204767&amp;page=1</subfield>
      <subfield code="y">Biblioteca Digital Hispánica</subfield>
    </datafield>
  </record>