
  <record>
    <leader>02754ctm a2200385 4500</leader>
    <controlfield tag="001">a4612065</controlfield>
    <controlfield tag="003">SpMaBN</controlfield>
    <controlfield tag="005">20181113004140.3</controlfield>
    <controlfield tag="008">091008q18011900sp 000 0 spa/ </controlfield>
    <datafield tag="035">
      <subfield code="a">(OCoLC)740336676</subfield>
    </datafield>
    <datafield tag="040">
      <subfield code="a">SpMaBN</subfield>
      <subfield code="b">spa</subfield>
      <subfield code="c">SpMaBN</subfield>
      <subfield code="e">rdc</subfield>
    </datafield>
    <datafield tag="100" ind1="1">
      <subfield code="a">Vega, Lope de</subfield>
      <subfield code="d">1562-1635</subfield>
    </datafield>
    <datafield tag="245" ind1="1" ind2="0">
      <subfield code="a">Seis comedias</subfield>
      <subfield code="h">[Manuscrito]</subfield>
      <subfield code="c">de Lope de Vega Carpio y de otros autores</subfield>
    </datafield>
    <datafield tag="260">
      <subfield code="a">S.XIX</subfield>
    </datafield>
    <datafield tag="300">
      <subfield code="a">140 h.</subfield>
      <subfield code="c">23 x 17 cm.</subfield>
    </datafield>
    <datafield tag="505" ind1="0">
      <subfield code="a">Tragedia de la destrucción de Constantinopla..., de Gabriel Laso de la Vega (h. 2-26v). Emp.: Dándole en un convite a un vizcaíno (h. 4)... Fin.: fuerte defensión de mahometanos (h. 26v). Comedia de la famosa fundación de la Alhambra de Granada (h. 28-51v y 72). Emp.: ¿Y en qué tiempo se dará (h. 28v)... Fin.: fue fundador del Alhambra (h. 72). Comedia de la libertad de Castilla por el conde Fernán González... (h. 68-71v y 86-113v). Emp.: Tiradvos dende acusiad (h. 68 v)... Fin.: la libertad de Castilla (h. 113v). Comedia de los amigos enojados y verdadera amistad (h. 74-85v y 52-66v). Emp.: Vete al momento, traidor (h. 75)... Fin.: acaben los amigos enojados (h. 66v). Comedia de las hazañas del Cid y su muerte, con la toma de Valencia (h. 114-140). Emp.: Dejando aquí mi trotón (h. 114v)... Fin.: de las fazañas del Cid (h. 140)</subfield>
    </datafield>
    <datafield tag="510" ind1="4">
      <subfield code="a">Paz, Teatro (2ª ed.)</subfield>
      <subfield code="c">n. 1008</subfield>
    </datafield>
    <datafield tag="510" ind1="4">
      <subfield code="a">Randolph, Julian F., Obras mal atribuidas a Liñán de Riaza, en Anuario de Letras</subfield>
      <subfield code="c">XXII (1984), p. 131</subfield>
    </datafield>
    <datafield tag="529" ind1="0" ind2="0">
      <subfield code="a">Dándole en un convite a un vizcaíno (h. 4)... fuerte defensión de mahometanos (h. 26v)</subfield>
    </datafield>
    <datafield tag="529" ind1="0" ind2="0">
      <subfield code="a">¿Y en qué tiempo se dará (h. 28v)... fue fundador del Alhambra (h. 72)</subfield>
    </datafield>
    <datafield tag="529" ind1="0" ind2="0">
      <subfield code="a">Tiradvos dende acusiad (h. 68v)... la libertad de Castilla (h. 113v)</subfield>
    </datafield>
    <datafield tag="529" ind1="0" ind2="0">
      <subfield code="a">Vete al momento, traidor (h. 75)... acaben los amigos enojados (h. 66v)</subfield>
    </datafield>
    <datafield tag="529" ind1="0" ind2="0">
      <subfield code="a">Dejando aquí mi trotón (h. 114v)... de las fazañas del Cid (h. 140)</subfield>
    </datafield>
    <datafield tag="596">
      <subfield code="a">Copia incompleta de la ed. de Lisboa, 1603</subfield>
    </datafield>
    <datafield tag="596">
      <subfield code="a">La destrucción de Constantinopla, de Gabriel Laso de la Vega,es copia de su Romancero, ed. en Alcalá, 1587, según consta en nota de las h. 1-2</subfield>
    </datafield>
    <datafield tag="597">
      <subfield code="a">En blanco las h. 27, 67 y 72v-73</subfield>
    </datafield>
    <datafield tag="597">
      <subfield code="a">Mal encuadernado</subfield>
    </datafield>
    <datafield tag="655" ind1="7" ind2="7">
      <subfield code="a">Teatro</subfield>
      <subfield code="2">tgfbne</subfield>
    </datafield>
    <datafield tag="655" ind2="7">
      <subfield code="a">Teatro</subfield>
      <subfield code="z">España</subfield>
      <subfield code="y">S.XVI-XVII</subfield>
    </datafield>
    <datafield tag="700" ind1="1">
      <subfield code="a">Lasso de la Vega, Gabriel</subfield>
      <subfield code="d">(ca. 1559-1615)</subfield>
      <subfield code="t">La destrucción de Constantinopla</subfield>
    </datafield>
    <datafield tag="700" ind1="1">
      <subfield code="a">Vega, Lope de</subfield>
      <subfield code="d">1562-1635</subfield>
      <subfield code="t">Los amigos enojados y verdadera amistad</subfield>
    </datafield>
    <datafield tag="700" ind1="1">
      <subfield code="a">Hurtado de Velarde, Alfonso</subfield>
      <subfield code="t">La libertad de Castilla</subfield>
    </datafield>
    <datafield tag="730" ind1="3" ind2="2">
      <subfield code="a">La fundación de la Alhambra de Granada</subfield>
    </datafield>
    <datafield tag="730" ind1="4" ind2="2">
      <subfield code="a">Las hazañas del Cid y su muerte, con la toma de Valencia</subfield>
    </datafield>
    <datafield tag="856" ind1="4" ind2="1">
      <subfield code="u">http://bdh-rd.bne.es/viewer.vm?id=0000214030&amp;page=1</subfield>
      <subfield code="y">Biblioteca Digital Hispánica</subfield>
    </datafield>
  </record>