
  <record>
    <leader>01912ctm a2200325 4500</leader>
    <controlfield tag="001">a4622548</controlfield>
    <controlfield tag="003">SpMaBN</controlfield>
    <controlfield tag="005">20181025100215.5</controlfield>
    <controlfield tag="008">091027q16011700sp 000 0 spa/ </controlfield>
    <datafield tag="035">
      <subfield code="a">(OCoLC)740337394</subfield>
    </datafield>
    <datafield tag="040">
      <subfield code="a">SpMaBN</subfield>
      <subfield code="b">spa</subfield>
      <subfield code="c">SpMaBN</subfield>
      <subfield code="e">rdc</subfield>
    </datafield>
    <datafield tag="100" ind1="1">
      <subfield code="a">Vega, Lope de</subfield>
      <subfield code="d">1562-1635</subfield>
    </datafield>
    <datafield tag="240" ind1="1" ind2="4">
      <subfield code="a">Los Terceros de San Francisco</subfield>
    </datafield>
    <datafield tag="245" ind1="1" ind2="4">
      <subfield code="a">Los terceros de San Francisco</subfield>
      <subfield code="h">[Manuscrito]b: comedia famosa. Emp.: Juez absoluto, sin pasión ni enojos (p. 1)... Fin.: perdonaréis entre tanto (p. 83)</subfield>
      <subfield code="c">Lope de Vega y Juan Pérez de Montalbán</subfield>
    </datafield>
    <datafield tag="260">
      <subfield code="a">S.XVII</subfield>
    </datafield>
    <datafield tag="300">
      <subfield code="a">I h., 83 p.</subfield>
      <subfield code="c">23 x 17 cm.</subfield>
    </datafield>
    <datafield tag="500">
      <subfield code="a">Texto con correcciones</subfield>
    </datafield>
    <datafield tag="510" ind1="4">
      <subfield code="a">Paz, Teatro (2ª ed.)</subfield>
      <subfield code="c">n. 3499</subfield>
    </datafield>
    <datafield tag="510" ind1="4">
      <subfield code="a">Barrera y Leirado, Cayetano Alberto de la, Catálogo bibliográfico y biográfico del teatro antiguo español, Madrid, 1969</subfield>
      <subfield code="c">p. 533</subfield>
    </datafield>
    <datafield tag="510" ind1="4">
      <subfield code="a">Castro, Franciscanos</subfield>
      <subfield code="c">n. 577</subfield>
    </datafield>
    <datafield tag="510" ind1="4">
      <subfield code="a">Profeti, Maria Grazia, Per una bibliografía di J. Pérez de Montalbán, Verona, 1976</subfield>
      <subfield code="c">p. 574</subfield>
    </datafield>
    <datafield tag="510" ind1="4">
      <subfield code="a">Pérez y Pérez, María Cruz, Bibliografía del teatro de Lope de Vega, Madrid, 1973</subfield>
      <subfield code="c">n. 287</subfield>
    </datafield>
    <datafield tag="510" ind1="4">
      <subfield code="a">Inventario de la Librería que fue del Excmo. Sr. D. Agustín Durán, comprada por el Gobierno de S.M. con destino a la Biblioteca Nacional, en virtud de Real Orden fecha en 27 de junio de 1863, en Memoria remitida al Excmo. Sr. Ministro de Fomento..., por el Director de la Biblioteca Nacional, Madrid, 1865</subfield>
      <subfield code="c">p. 111</subfield>
    </datafield>
    <datafield tag="561">
      <subfield code="a">Agustín Durán</subfield>
    </datafield>
    <datafield tag="594">
      <subfield code="a">Copia del librero Matías Martínez y con correcciones de Francisco de Rojas, según Paz</subfield>
    </datafield>
    <datafield tag="597">
      <subfield code="a">En blanco la p. 29bis</subfield>
    </datafield>
    <datafield tag="655" ind1="7" ind2="7">
      <subfield code="a">Teatro</subfield>
      <subfield code="2">tgfbne</subfield>
    </datafield>
    <datafield tag="700" ind1="1">
      <subfield code="a">Pérez de Montalbán, Juan</subfield>
      <subfield code="d">1602-1638</subfield>
    </datafield>
    <datafield tag="856" ind1="4" ind2="1">
      <subfield code="u">http://bdh-rd.bne.es/viewer.vm?id=0000238023&amp;page=1</subfield>
      <subfield code="y">Biblioteca Digital Hispánica</subfield>
    </datafield>
    <datafield tag="856" ind1="4" ind2="1">
      <subfield code="u">http://manos.net/manuscripts/bne/14-919-terceros-los-de-san-francisco-la-tercera-orden-de-san-francisco</subfield>
      <subfield code="y">Manos teatrales</subfield>
    </datafield>
  </record>