
  <record>
    <leader>01808ctm a2200349 i 4500</leader>
    <controlfield tag="001">a4773524</controlfield>
    <controlfield tag="003">SpMaBN</controlfield>
    <controlfield tag="005">20181026153022.6</controlfield>
    <controlfield tag="008">100616q1623 sp 000 0 spa/ </controlfield>
    <datafield tag="035">
      <subfield code="a">(OCoLC)740348043</subfield>
    </datafield>
    <datafield tag="040">
      <subfield code="a">SpMaBN</subfield>
      <subfield code="b">spa</subfield>
      <subfield code="c">SpMaBN</subfield>
      <subfield code="e">rdc</subfield>
    </datafield>
    <datafield tag="100" ind1="1">
      <subfield code="a">Vega, Lope de</subfield>
      <subfield code="d">1562-1635</subfield>
    </datafield>
    <datafield tag="240" ind1="1" ind2="3">
      <subfield code="a">El tusón del Rey del cielo</subfield>
    </datafield>
    <datafield tag="245" ind1="1" ind2="3">
      <subfield code="a">El tusón del Rey del cielo</subfield>
      <subfield code="h">[Manuscrito] :</subfield>
      <subfield code="b">auto famoso sacramental. Emp.: Allá va de dos la una (p. 3)... Fin.: del tusón del Rey del cielo (p. 23)</subfield>
    </datafield>
    <datafield tag="260">
      <subfield code="a">[ca. 1623]</subfield>
    </datafield>
    <datafield tag="300">
      <subfield code="a">I h., 28 p.</subfield>
      <subfield code="c">22 x 16 cm.</subfield>
    </datafield>
    <datafield tag="505" ind1="8">
      <subfield code="a">Partitura en p. 1-2 y 27-28</subfield>
    </datafield>
    <datafield tag="510" ind1="4">
      <subfield code="a">Paz, Teatro (2ª ed.)</subfield>
      <subfield code="c">n. 3658</subfield>
    </datafield>
    <datafield tag="510" ind1="4">
      <subfield code="a">Rocamora, Osuna</subfield>
      <subfield code="c">n. 1334</subfield>
    </datafield>
    <datafield tag="510" ind1="4">
      <subfield code="a">Pérez y Pérez, María Cruz, Bibliografía del teatro de Lope de Vega, Madrid, 1973</subfield>
      <subfield code="c">n. 296</subfield>
    </datafield>
    <datafield tag="510" ind1="4">
      <subfield code="a">Urzáiz Tortajada, Héctor, Catálogo de autores teatrales del siglo XVII, Madrid, 2002</subfield>
      <subfield code="c">vol. II, p. 689</subfield>
    </datafield>
    <datafield tag="510" ind1="4">
      <subfield code="a">Paz, Julián, Catálogo de autos sacramentales, historiales y alegóricos por D. Jenaro Alenda, BRAE</subfield>
      <subfield code="c">IX (1922), p. 682</subfield>
    </datafield>
    <datafield tag="529" ind1="0" ind2="0">
      <subfield code="a">Allá va de dos la una (p. 3)... del tusón del Rey del cielo (p. 23)</subfield>
    </datafield>
    <datafield tag="561">
      <subfield code="a">Duque de Osuna e Infantado</subfield>
    </datafield>
    <datafield tag="593">
      <subfield code="a">Atribuido a Lope de Vega por diversos autores. Autoría dudosa según Urzáiz Tortajada</subfield>
    </datafield>
    <datafield tag="594">
      <subfield code="a">En portada: compuesto por Lope de Vega Carpio</subfield>
    </datafield>
    <datafield tag="594">
      <subfield code="a">En portada, otro título: El tusón del cielo</subfield>
    </datafield>
    <datafield tag="596">
      <subfield code="a">Al final: Sacóle Bernardo de Gumiel, en Aranda el 17 de mayo de 1623... de un segundo original trasladado en Madrid</subfield>
    </datafield>
    <datafield tag="597">
      <subfield code="a">En blanco las p. 24 y 26</subfield>
    </datafield>
    <datafield tag="655" ind1="7" ind2="7">
      <subfield code="a">Teatro </subfield>
      <subfield code="2">tgfbne</subfield>
    </datafield>
    <datafield tag="856" ind1="4" ind2="1">
      <subfield code="u">http://bdh-rd.bne.es/viewer.vm?id=0000239815&amp;page=1</subfield>
      <subfield code="y">Biblioteca Digital Hispánica</subfield>
    </datafield>
    <datafield tag="856" ind1="4" ind2="1">
      <subfield code="u">http://manos.net/manuscripts/bne/17-370-tuson-el-del-rey-del-cielo-auto</subfield>
      <subfield code="y">Manos teatrales</subfield>
    </datafield>
  </record>