
  <record>
    <leader>01766ctm a2200349 i 4500</leader>
    <controlfield tag="001">a4771097</controlfield>
    <controlfield tag="003">SpMaBN</controlfield>
    <controlfield tag="005">20181113004146.3</controlfield>
    <controlfield tag="008">100614s1627 sp 000 0 spa/ </controlfield>
    <datafield tag="035">
      <subfield code="a">(OCoLC)740347850</subfield>
    </datafield>
    <datafield tag="040">
      <subfield code="a">SpMaBN</subfield>
      <subfield code="b">spa</subfield>
      <subfield code="c">SpMaBN</subfield>
      <subfield code="e">rdc</subfield>
    </datafield>
    <datafield tag="100" ind1="1">
      <subfield code="a">Vega, Lope de</subfield>
      <subfield code="d">1562-1635</subfield>
      <subfield code="0">http://datos.bne.es/resource/XX1719671</subfield>
    </datafield>
    <datafield tag="240" ind1="1" ind2="3">
      <subfield code="a">El pleito por la honra</subfield>
    </datafield>
    <datafield tag="245" ind1="1" ind2="3">
      <subfield code="a">El valor de Fernandito</subfield>
      <subfield code="h">[Manuscrito] :</subfield>
      <subfield code="b">comedia en tres jornadas. Emp.: Por largos años, por felices días (h. 4)... Fin.: se celebrarán las bodas (h. 51v)</subfield>
      <subfield code="c">de Lope</subfield>
    </datafield>
    <datafield tag="260">
      <subfield code="a">1627</subfield>
    </datafield>
    <datafield tag="300">
      <subfield code="a">52 h.</subfield>
      <subfield code="c">23 x 17 cm.</subfield>
    </datafield>
    <datafield tag="500">
      <subfield code="a">Texto con correcciones</subfield>
    </datafield>
    <datafield tag="510" ind1="4">
      <subfield code="a">Paz, Teatro (2ª ed.)</subfield>
      <subfield code="c">n. 2893</subfield>
    </datafield>
    <datafield tag="510" ind1="4">
      <subfield code="a">Rocamora, Osuna</subfield>
      <subfield code="c">n. 1346</subfield>
    </datafield>
    <datafield tag="510" ind1="4">
      <subfield code="a">Barrera y Leirado, Cayetano Alberto de la, Catálogo bibliográfico y biográfico del teatro antiguo español, Madrid, 1969</subfield>
      <subfield code="c">p. 435</subfield>
    </datafield>
    <datafield tag="510" ind1="4">
      <subfield code="a">Morley-Bruerton, Cronología de las comedias de Lope de Vega</subfield>
      <subfield code="c">p. 532</subfield>
    </datafield>
    <datafield tag="510" ind1="4">
      <subfield code="a">Pérez y Pérez, María Cruz, Bibliografía del teatro de Lope de Vega, Madrid, 1973</subfield>
      <subfield code="c">n. 225</subfield>
    </datafield>
    <datafield tag="510" ind1="4">
      <subfield code="a">Urzáiz Tortajada, Héctor, Catálogo de autores teatrales del siglo XVII, Madrid, 2002</subfield>
      <subfield code="c">vol. II, p. 675</subfield>
    </datafield>
    <datafield tag="529" ind1="0" ind2="0">
      <subfield code="a">Por largos años, por felices días (h. 4)... se celebrarán las bodas (h. 51v)</subfield>
    </datafield>
    <datafield tag="561">
      <subfield code="a">Duque de Osuna e Infantado</subfield>
    </datafield>
    <datafield tag="593">
      <subfield code="a">Atribución dudosa, según Urzáiz Tortajada</subfield>
    </datafield>
    <datafield tag="597">
      <subfield code="a">Restauradas las h. 1-2, 20, 36, 37, 52</subfield>
    </datafield>
    <datafield tag="597">
      <subfield code="a">En blanco las h. 3,35v, 36v</subfield>
    </datafield>
    <datafield tag="655" ind1="7" ind2="7">
      <subfield code="a">Teatro</subfield>
      <subfield code="2">tgfbne</subfield>
    </datafield>
    <datafield tag="655" ind2="7">
      <subfield code="a">Teatro</subfield>
      <subfield code="z">España</subfield>
      <subfield code="y">S.XVI-XVII</subfield>
    </datafield>
    <datafield tag="856" ind1="4" ind2="1">
      <subfield code="u">http://bdh-rd.bne.es/viewer.vm?id=0000186942&amp;page=1</subfield>
      <subfield code="y">Biblioteca Digital Hispánica</subfield>
    </datafield>
    <datafield tag="856" ind1="4" ind2="1">
      <subfield code="u">http://manos.net/manuscripts/bne/17-316-pleito-el-por-la-honra-o-el-valor-de-fernandito</subfield>
      <subfield code="y">Manos teatrales</subfield>
    </datafield>
  </record>