
  <record>
    <leader>01535ctm a2200301 4500</leader>
    <controlfield tag="001">a4640667</controlfield>
    <controlfield tag="003">SpMaBN</controlfield>
    <controlfield tag="005">20181113004142.3</controlfield>
    <controlfield tag="008">091127s1615 sp 000 0 spa/ </controlfield>
    <datafield tag="035">
      <subfield code="a">(OCoLC)740338586</subfield>
    </datafield>
    <datafield tag="040">
      <subfield code="a">SpMaBN</subfield>
      <subfield code="b">spa</subfield>
      <subfield code="c">SpMaBN</subfield>
      <subfield code="e">rdc</subfield>
    </datafield>
    <datafield tag="100" ind1="1">
      <subfield code="a">Vega, Lope de</subfield>
      <subfield code="d">1562-1635</subfield>
    </datafield>
    <datafield tag="240" ind1="1" ind2="3">
      <subfield code="a">La venta de la Zarzuela</subfield>
    </datafield>
    <datafield tag="245" ind1="1" ind2="3">
      <subfield code="a">La venta de la Zarzuela</subfield>
      <subfield code="h">[Manuscrito] :</subfield>
      <subfield code="b">auto famoso sacramental. Emp.: Memoria, amigo querido (h. 3)... Fin.: del fuego de amor (h. 21v)</subfield>
      <subfield code="c">de Lope de Vega Carpio</subfield>
    </datafield>
    <datafield tag="260">
      <subfield code="a">1615</subfield>
    </datafield>
    <datafield tag="300">
      <subfield code="a">21 h.</subfield>
      <subfield code="c">23 x 16 cm.</subfield>
    </datafield>
    <datafield tag="500">
      <subfield code="a">Sello de Agustín Durán</subfield>
    </datafield>
    <datafield tag="510" ind1="4">
      <subfield code="a">Paz, Teatro (2ª ed.)</subfield>
      <subfield code="c">n. 3743</subfield>
    </datafield>
    <datafield tag="510" ind1="4">
      <subfield code="a">Inventario de la Librería que fue del Excmo. Sr. D. Agustín Durán, comprada por el Gobierno de S.M. con destino a la Biblioteca Nacional, en virtud de Real Orden fecha en 27 de junio de 1863, en Memoria remitida al Excmo. Sr. Ministro de Fomento..., por el Director de la Biblioteca Nacional, Madrid, 1865</subfield>
      <subfield code="c">p. 95</subfield>
    </datafield>
    <datafield tag="510" ind1="4">
      <subfield code="a">Pérez y Pérez, María Cruz, Bibliografía del teatro de Lope de Vega, Madrid, 1973</subfield>
      <subfield code="c">n. 301</subfield>
    </datafield>
    <datafield tag="529" ind1="0" ind2="0">
      <subfield code="a"> Memoria, amigo querido (h. 3)... del fuego de amor (h. 21v)</subfield>
    </datafield>
    <datafield tag="561">
      <subfield code="a">Agustín Durán</subfield>
    </datafield>
    <datafield tag="596">
      <subfield code="a">Al final: En Galves, 16 de marzo de 1615</subfield>
    </datafield>
    <datafield tag="597">
      <subfield code="a">Rasgada la h. 3</subfield>
    </datafield>
    <datafield tag="655" ind1="7" ind2="7">
      <subfield code="a">Teatro</subfield>
      <subfield code="2">tgfbne</subfield>
    </datafield>
    <datafield tag="655" ind2="7">
      <subfield code="a">Teatro</subfield>
      <subfield code="z">España</subfield>
      <subfield code="y">S.XVI-XVII</subfield>
    </datafield>
    <datafield tag="856" ind1="4" ind2="1">
      <subfield code="u">http://bdh-rd.bne.es/viewer.vm?id=0000224484&amp;page=1</subfield>
      <subfield code="y">Biblioteca Digital Hispánica</subfield>
    </datafield>
    <datafield tag="856" ind1="4" ind2="1">
      <subfield code="u">http://manos.net/manuscripts/bne/15-231-venta-la-de-la-zarzuela</subfield>
      <subfield code="y">Manos teatrales</subfield>
    </datafield>
  </record>