
  <record>
    <leader>01898ctm a2200361 4500</leader>
    <controlfield tag="001">a4626813</controlfield>
    <controlfield tag="003">SpMaBN</controlfield>
    <controlfield tag="005">20181113004141.3</controlfield>
    <controlfield tag="008">091103q17011800sp 000 0 spa/ </controlfield>
    <datafield tag="035">
      <subfield code="a">(OCoLC)740337731</subfield>
    </datafield>
    <datafield tag="040">
      <subfield code="a">SpMaBN</subfield>
      <subfield code="b">spa</subfield>
      <subfield code="c">SpMaBN</subfield>
      <subfield code="e">rdc</subfield>
    </datafield>
    <datafield tag="100" ind1="1">
      <subfield code="a">Vega, Lope de</subfield>
      <subfield code="d">1562-1635</subfield>
    </datafield>
    <datafield tag="240" ind1="1" ind2="0">
      <subfield code="a">Ver y no creer</subfield>
    </datafield>
    <datafield tag="245" ind1="0" ind2="0">
      <subfield code="a">Ver y no creer</subfield>
      <subfield code="h">[Manuscrito] :</subfield>
      <subfield code="b">comedia nueva. Emp.: Tras el invierno proceloso y frío (h. 1)... Fin.: da fin también la comedia (h. 62v)</subfield>
    </datafield>
    <datafield tag="260">
      <subfield code="a">S.XVIII</subfield>
    </datafield>
    <datafield tag="300">
      <subfield code="a">62h.</subfield>
      <subfield code="c">23 x 17 cm.</subfield>
    </datafield>
    <datafield tag="500">
      <subfield code="a">Mención de actores en h. 1</subfield>
    </datafield>
    <datafield tag="500">
      <subfield code="a">Sello de Agustín Durán</subfield>
    </datafield>
    <datafield tag="500">
      <subfield code="a">V.a. Mss/14895</subfield>
    </datafield>
    <datafield tag="510" ind1="4">
      <subfield code="a">Paz, Teatro (2ª ed.)</subfield>
      <subfield code="c">n. 3756</subfield>
    </datafield>
    <datafield tag="510" ind1="4">
      <subfield code="a">Inventario de la Librería que fue del Excmo. Sr. D. Agustín Durán, comprada por el Gobierno de S.M. con destino a la Biblioteca Nacional, en virtud de Real Orden fecha en 27 de junio de 1863, en Memoria remitida al Excmo. Sr. Ministro de Fomento..., por el Director de la Biblioteca Nacional, Madrid, 1865</subfield>
      <subfield code="c">p. 111</subfield>
    </datafield>
    <datafield tag="510" ind1="4">
      <subfield code="a">Morley-Bruerton, Cronología de las comedias de Lope de Vega</subfield>
      <subfield code="c">p. 578</subfield>
    </datafield>
    <datafield tag="510" ind1="4">
      <subfield code="a">Pérez y Pérez, María Cruz, Bibliografía del teatro de Lope de Vega, Madrid, 1973</subfield>
      <subfield code="c">n. 307</subfield>
    </datafield>
    <datafield tag="529" ind1="0" ind2="0">
      <subfield code="a">Tras el invierno proceloso y frío (h. 1)... da fin también la comedia (h. 62v)</subfield>
    </datafield>
    <datafield tag="561">
      <subfield code="a">Agustín Durán</subfield>
    </datafield>
    <datafield tag="593">
      <subfield code="a">Atribuida a Lope de Vega</subfield>
    </datafield>
    <datafield tag="594">
      <subfield code="a">En portada: Es de Lope de Vega, en su Parte 24, pero muy alterada</subfield>
    </datafield>
    <datafield tag="596">
      <subfield code="a">Copia de mano de Agustín Durán</subfield>
    </datafield>
    <datafield tag="596">
      <subfield code="a">Copia de las licencias de representación en Zaragoza, el 25 de agosto de 1619, por Luis Navarro y en Madrid, el 16 de octubre del mismo año, por Tomás Gracián Dantisco</subfield>
    </datafield>
    <datafield tag="597">
      <subfield code="a">En blanco la h. 16v</subfield>
    </datafield>
    <datafield tag="655" ind1="7" ind2="7">
      <subfield code="a">Teatro</subfield>
      <subfield code="2">tgfbne</subfield>
    </datafield>
    <datafield tag="655" ind2="7">
      <subfield code="a">Teatro</subfield>
      <subfield code="z">Espa��a</subfield>
      <subfield code="y">S.XVI-XVII</subfield>
    </datafield>
    <datafield tag="856" ind1="4" ind2="1">
      <subfield code="u">http://bdh-rd.bne.es/viewer.vm?id=0000214648&amp;page=1</subfield>
      <subfield code="y">Biblioteca Digital Hispánica</subfield>
    </datafield>
  </record>