
  <record>
    <leader>01534ctm a2200325 4500</leader>
    <controlfield tag="001">a4618991</controlfield>
    <controlfield tag="003">SpMaBN</controlfield>
    <controlfield tag="005">20181113004141.3</controlfield>
    <controlfield tag="008">091021q1619 sp 000 0 spa/ </controlfield>
    <datafield tag="035">
      <subfield code="a">(OCoLC)740337141</subfield>
    </datafield>
    <datafield tag="040">
      <subfield code="a">SpMaBN</subfield>
      <subfield code="b">spa</subfield>
      <subfield code="c">SpMaBN</subfield>
      <subfield code="e">rdc</subfield>
    </datafield>
    <datafield tag="100" ind1="1">
      <subfield code="a">Vega, Lope de</subfield>
      <subfield code="d">1562-1635</subfield>
    </datafield>
    <datafield tag="240" ind1="1" ind2="0">
      <subfield code="a">Ver y no creer</subfield>
    </datafield>
    <datafield tag="245" ind1="0" ind2="0">
      <subfield code="a">Ver y no creer</subfield>
      <subfield code="h">[Manuscrito] :</subfield>
      <subfield code="b">comedia nueva. Emp.: Tras el invierno proceloso y frío (h. 1)... Fin.: y de ver y no creer da fin aquí la comedia (h. 64)</subfield>
    </datafield>
    <datafield tag="260">
      <subfield code="a">[ca. 1619]</subfield>
    </datafield>
    <datafield tag="300">
      <subfield code="a">IV, 65 h.</subfield>
      <subfield code="c">23 x 17 cm.</subfield>
    </datafield>
    <datafield tag="500" ind2="">
      <subfield code="a">Mención de actores en h. IV</subfield>
    </datafield>
    <datafield tag="500">
      <subfield code="a">V.a. Mss/15007</subfield>
    </datafield>
    <datafield tag="510" ind1="4">
      <subfield code="a">Paz, Teatro (2ª ed.)</subfield>
      <subfield code="c">n. 3756</subfield>
    </datafield>
    <datafield tag="510" ind1="4">
      <subfield code="a">Morley-Bruerton, Cronología de las comedias de Lope de Vega</subfield>
      <subfield code="c">p. 578</subfield>
    </datafield>
    <datafield tag="510" ind1="4">
      <subfield code="a">Pérez y Pérez, María Cruz, Bibliografía del teatro de Lope de Vega, Madrid, 1973</subfield>
      <subfield code="c">n. 306</subfield>
    </datafield>
    <datafield tag="529" ind1="0" ind2="0">
      <subfield code="a">Tras el invierno proceloso y frío (h. 1)... y de ver y no creer da fin aquí la comedia (h. 64)</subfield>
    </datafield>
    <datafield tag="546">
      <subfield code="a">Letra de distintas manos</subfield>
    </datafield>
    <datafield tag="593">
      <subfield code="a">Atribuida a Lope de Vega</subfield>
    </datafield>
    <datafield tag="596">
      <subfield code="a">Licencias de representación en Zaragoza, el 25 de agosto de 1619, por Luis Navarro; y en Madrid, el 16 de octubre del mismo año, por Tomás Gracián Dantisco</subfield>
    </datafield>
    <datafield tag="597">
      <subfield code="a">En blanco las h. IIv-III, IVv y 64v</subfield>
    </datafield>
    <datafield tag="655" ind1="7" ind2="7">
      <subfield code="a">Teatro</subfield>
      <subfield code="2">tgfbne</subfield>
    </datafield>
    <datafield tag="655" ind2="7">
      <subfield code="a">Teatro</subfield>
      <subfield code="z">España</subfield>
      <subfield code="y">S.XVI-XVII</subfield>
    </datafield>
    <datafield tag="856" ind1="4" ind2="1">
      <subfield code="u">http://bdh-rd.bne.es/viewer.vm?id=0000214455&amp;page=1</subfield>
      <subfield code="y">Biblioteca Digital Hispánica</subfield>
    </datafield>
    <datafield tag="856" ind1="4" ind2="1">
      <subfield code="u">http://manos.net/manuscripts/bne/14-895-ver-y-no-creer</subfield>
      <subfield code="y">Manos teatrales</subfield>
    </datafield>
  </record>