
  <record>
    <leader>01337ctm a2200277 4500</leader>
    <controlfield tag="001">a4628919</controlfield>
    <controlfield tag="003">SpMaBN</controlfield>
    <controlfield tag="005">20181113004141.3</controlfield>
    <controlfield tag="008">091106q16011700sp 000 0 spa/ </controlfield>
    <datafield tag="035">
      <subfield code="a">(OCoLC)740337888</subfield>
    </datafield>
    <datafield tag="040">
      <subfield code="a">SpMaBN</subfield>
      <subfield code="b">spa</subfield>
      <subfield code="c">SpMaBN</subfield>
      <subfield code="e">rdc</subfield>
    </datafield>
    <datafield tag="100" ind1="1">
      <subfield code="a">Vega, Lope de</subfield>
      <subfield code="d">1562-1635</subfield>
      <subfield code="0">http://datos.bne.es/resource/XX1719671</subfield>
    </datafield>
    <datafield tag="245" ind1="1" ind2="3">
      <subfield code="a">La viuda valenciana</subfield>
      <subfield code="h">[Manuscrito] :</subfield>
      <subfield code="b">famosa comedia. Emp.: Celia, Julia, ¿no me oís? (h. 1)... Fin.: la viuda valenciana (h. 58v)</subfield>
      <subfield code="c">por Lope de Vega Carpio</subfield>
    </datafield>
    <datafield tag="260">
      <subfield code="a">S.XVII</subfield>
    </datafield>
    <datafield tag="300">
      <subfield code="a">58 h.</subfield>
      <subfield code="c">23 x 17 cm.</subfield>
    </datafield>
    <datafield tag="500">
      <subfield code="a">Texto con correcciones</subfield>
    </datafield>
    <datafield tag="510" ind1="4">
      <subfield code="a">Paz, Teatro (2ª ed.)</subfield>
      <subfield code="c">n. 3834</subfield>
    </datafield>
    <datafield tag="510" ind1="4">
      <subfield code="a">Vega, Lope de, La viuda valenciana, edición, introducción y notas de Teresa Ferrer, Madrid, 2001</subfield>
      <subfield code="c">p. 56</subfield>
    </datafield>
    <datafield tag="510" ind1="4">
      <subfield code="a">Morley y Bruerton, Cronología de las comedias de Lope de Vega</subfield>
      <subfield code="c">p. 262</subfield>
    </datafield>
    <datafield tag="510" ind1="4">
      <subfield code="a">Pérez y Pérez, María Cruz, Bibliografía del teatro de Lope de Vega, Madrid, 1973</subfield>
      <subfield code="c">n. 312</subfield>
    </datafield>
    <datafield tag="529" ind1="0" ind2="0">
      <subfield code="a">Celia, Julia, ¿no me oís? (h. 1)... la viuda valenciana (h. 58v)</subfield>
    </datafield>
    <datafield tag="597">
      <subfield code="a">En blanco las h. 19-20r y 39v-40</subfield>
    </datafield>
    <datafield tag="655" ind1="7" ind2="7">
      <subfield code="a">Teatro</subfield>
      <subfield code="2">tgfbne</subfield>
    </datafield>
    <datafield tag="655" ind2="7">
      <subfield code="a">Teatro</subfield>
      <subfield code="z">España</subfield>
      <subfield code="y">S.XVI-XVII</subfield>
    </datafield>
    <datafield tag="856" ind1="4" ind2="1">
      <subfield code="u">http://bdh-rd.bne.es/viewer.vm?id=0000014195&amp;page=1</subfield>
      <subfield code="y">Biblioteca Digital Hispánica</subfield>
    </datafield>
    <datafield tag="856" ind1="4" ind2="1">
      <subfield code="u">http://manos.net/manuscripts/bne/15-032-viuda-la-valenciana</subfield>
      <subfield code="y">Manos teatrales</subfield>
    </datafield>
  </record>